<?xml version="1.0" encoding="UTF-8"?>
<!DOCTYPE html PUBLIC "-//W3C//DTD XHTML 1.0 Transitional//EN"
    "http://www.w3.org/TR/xhtml1/DTD/xhtml1-transitional.dtd">
<html xmlns="http://www.w3.org/1999/xhtml" xml:lang="en" lang="en">
 <head>
  <title>
</title>
<meta http-equiv="Content-Type" content="text/html;charset=utf-8" />
  <meta name='ocr-system' content='tesseract 3.04.00' />
  <meta name='ocr-capabilities' content='ocr_page ocr_carea ocr_par ocr_line ocrx_word'/>
</head>
<body>
  <div class='ocr_page' id='page_1' title='image "./missalrobertjum00wilsgoog_0219.png"; bbox 0 0 3038 5106; ppageno 0'>
   <div class='ocr_carea' id='block_1_1' title="bbox 371 354 1340 417">
    <p class='ocr_par' dir='ltr' id='par_1_1' title="bbox 371 354 1340 417">
     <span class='ocr_line' id='line_1_1' title="bbox 371 354 1340 417; baseline -0.006 -8"><span class='ocrx_word' id='word_1_1' title='bbox 371 358 463 409; x_wconf 77' lang='lat' dir='ltr'><strong>oon.</strong></span> <span class='ocrx_word' id='word_1_2' title='bbox 481 358 592 409; x_wconf 72' lang='lat' dir='ltr'><strong>xxrn.</strong></span> <span class='ocrx_word' id='word_1_3' title='bbox 612 357 709 409; x_wconf 73' lang='lat' dir='ltr'><strong>nosr</strong></span> <span class='ocrx_word' id='word_1_4' title='bbox 724 357 801 407; x_wconf 76' lang='lat' dir='ltr'><strong>ocr.</strong></span> <span class='ocrx_word' id='word_1_5' title='bbox 822 354 1103 405; x_wconf 69' lang='lat' dir='ltr'><strong>psnrscosrsn.</strong></span> <span class='ocrx_word' id='word_1_6' title='bbox 1294 365 1340 417; x_wconf 78' lang='lat'><strong>137</strong></span> 
     </span>
    </p>
   </div>
   <div class='ocr_carea' id='block_1_2' title="bbox 133 500 1340 761">
    <p class='ocr_par' dir='ltr' id='par_1_2' title="bbox 133 500 1340 761">
     <span class='ocr_line' id='line_1_2' title="bbox 135 500 1339 589; baseline -0.005 -20"><span class='ocrx_word' id='word_1_7' title='bbox 135 506 378 589; x_wconf 82' lang='lat' dir='ltr'>temporalibus</span> <span class='ocrx_word' id='word_1_8' title='bbox 392 506 580 570; x_wconf 86' lang='lat' dir='ltr'><strong>consolaris</strong></span> <span class='ocrx_word' id='word_1_9' title='bbox 597 515 634 569; x_wconf 92' lang='lat' dir='ltr'><strong>ut</strong></span> <span class='ocrx_word' id='word_1_10' title='bbox 650 506 692 569; x_wconf 93' lang='lat' dir='ltr'><strong>de</strong></span> <span class='ocrx_word' id='word_1_11' title='bbox 708 506 919 588; x_wconf 85' lang='lat' dir='ltr'><strong>sempiternis</strong></span> <span class='ocrx_word' id='word_1_12' title='bbox 936 503 1036 568; x_wconf 79' lang='lat' dir='ltr'><strong>iacias</strong></span> <span class='ocrx_word' id='word_1_13' title='bbox 1051 505 1216 567; x_wconf 87' lang='lat' dir='ltr'><strong>certiores.</strong></span> <span class='ocrx_word' id='word_1_14' title='bbox 1262 500 1339 583; x_wconf 85' lang='lat' dir='ltr'><strong>Quo</strong></span> 
     </span>
     <span class='ocr_line' id='line_1_3' title="bbox 133 589 1340 676; baseline -0.002 -21"><span class='ocrx_word' id='word_1_15' title='bbox 133 604 171 655; x_wconf 90' lang='lat' dir='ltr'><strong>te</strong></span> <span class='ocrx_word' id='word_1_16' title='bbox 187 606 220 655; x_wconf 93' lang='lat' dir='ltr'><strong>et</strong></span> <span class='ocrx_word' id='word_1_17' title='bbox 236 594 269 655; x_wconf 92' lang='lat' dir='ltr'><strong>in</strong></span> <span class='ocrx_word' id='word_1_18' title='bbox 286 594 450 676; x_wconf 88' lang='lat' dir='ltr'><strong>prosperis</strong></span> <span class='ocrx_word' id='word_1_19' title='bbox 466 604 500 656; x_wconf 89' lang='lat' dir='ltr'><strong>et</strong></span> <span class='ocrx_word' id='word_1_20' title='bbox 523 595 556 655; x_wconf 94' lang='lat' dir='ltr'><strong>in</strong></span> <span class='ocrx_word' id='word_1_21' title='bbox 573 594 721 656; x_wconf 84' lang='lat' dir='ltr'><strong>aduersis</strong></span> <span class='ocrx_word' id='word_1_22' title='bbox 744 594 799 675; x_wconf 90' lang='lat' dir='ltr'><strong>pia</strong></span> <span class='ocrx_word' id='word_1_23' title='bbox 822 613 953 675; x_wconf 88' lang='lat' dir='ltr'><strong>semper</strong></span> <span class='ocrx_word' id='word_1_24' title='bbox 968 592 1189 672; x_wconf 65' lang='lat' dir='ltr'><strong>conflessione</strong></span> <span class='ocrx_word' id='word_1_25' title='bbox 1204 589 1272 672; x_wconf 87' lang='lat' dir='ltr'><strong>[fol.</strong></span> <span class='ocrx_word' id='word_1_26' title='bbox 1287 591 1340 667; x_wconf 88' lang='lat'><strong>98.</strong></span> 
     </span>
     <span class='ocr_line' id='line_1_4' title="bbox 135 680 1180 761; baseline -0.001 -20"><span class='ocrx_word' id='word_1_27' title='bbox 135 680 319 743; x_wconf 82' lang='lat' dir='ltr'><strong>laudemus</strong></span> <span class='ocrx_word' id='word_1_28' title='bbox 336 682 441 743; x_wconf 89' lang='lat' dir='ltr'><strong>iesum</strong></span> <span class='ocrx_word' id='word_1_29' title='bbox 458 681 617 743; x_wconf 91' lang='lat' dir='ltr'><strong>christum</strong></span> <span class='ocrx_word' id='word_1_30' title='bbox 633 680 806 743; x_wconf 91' lang='lat' dir='ltr'><strong>dominum</strong></span> <span class='ocrx_word' id='word_1_31' title='bbox 825 694 982 743; x_wconf 85' lang='lat' dir='ltr'><strong>nostrum.</strong></span> <span class='ocrx_word' id='word_1_32' title='bbox 999 699 1180 761; x_wconf 90' lang='lat' dir='ltr'><strong>perquem.</strong></span> 
     </span>
    </p>
   </div>
   <div class='ocr_carea' id='block_1_3' title="bbox 592 816 890 898">
    <p class='ocr_par' dir='ltr' id='par_1_3' title="bbox 592 816 890 898">
     <span class='ocr_line' id='line_1_5' title="bbox 592 816 890 898; baseline 0.003 -18"><span class='ocrx_word' id='word_1_33' title='bbox 592 817 655 880; x_wconf 83' lang='lat' dir='ltr'><strong>lid</strong></span> <span class='ocrx_word' id='word_1_34' title='bbox 665 816 890 898; x_wconf 79' lang='lat' dir='ltr'><strong>complendum.</strong></span> 
     </span>
    </p>
   </div>
   <div class='ocr_carea' id='block_1_4' title="bbox 135 917 1340 1176">
    <p class='ocr_par' dir='ltr' id='par_1_4' title="bbox 135 917 1340 1176">
     <span class='ocr_line' id='line_1_6' title="bbox 181 917 1340 1001; baseline -0.003 -18"><span class='ocrx_word' id='word_1_35' title='bbox 181 920 254 984; x_wconf 87' lang='lat' dir='ltr'><strong>Tua</strong></span> <span class='ocrx_word' id='word_1_36' title='bbox 271 941 332 984; x_wconf 94' lang='lat' dir='ltr'><strong>nos</strong></span> <span class='ocrx_word' id='word_1_37' title='bbox 347 921 483 983; x_wconf 90' lang='lat' dir='ltr'><strong>domine</strong></span> <span class='ocrx_word' id='word_1_38' title='bbox 499 920 704 983; x_wconf 88' lang='lat' dir='ltr'><strong>medicinalis</strong></span> <span class='ocrx_word' id='word_1_39' title='bbox 722 920 872 1001; x_wconf 87' lang='lat' dir='ltr'><strong>operatio</strong></span> <span class='ocrx_word' id='word_1_40' title='bbox 888 929 922 982; x_wconf 91' lang='lat' dir='ltr'><strong>et</strong></span> <span class='ocrx_word' id='word_1_41' title='bbox 938 940 957 981; x_wconf 91' lang='lat' dir='ltr'><strong>a</strong></span> <span class='ocrx_word' id='word_1_42' title='bbox 973 920 1094 981; x_wconf 89' lang='lat' dir='ltr'><strong>nostris</strong></span> <span class='ocrx_word' id='word_1_43' title='bbox 1117 917 1340 1001; x_wconf 86' lang='lat' dir='ltr'><strong>peruersitati-</strong></span> 
     </span>
     <span class='ocr_line' id='line_1_7' title="bbox 135 1006 1339 1090; baseline -0.001 -21"><span class='ocrx_word' id='word_1_44' title='bbox 135 1007 199 1069; x_wconf 94' lang='lat' dir='ltr'><strong>bus</strong></span> <span class='ocrx_word' id='word_1_45' title='bbox 214 1009 395 1071; x_wconf 88' lang='lat' dir='ltr'><strong>clementer</strong></span> <span class='ocrx_word' id='word_1_46' title='bbox 409 1009 577 1090; x_wconf 81' lang='lat' dir='ltr'><strong>expediat.</strong></span> <span class='ocrx_word' id='word_1_47' title='bbox 594 1019 627 1072; x_wconf 91' lang='lat' dir='ltr'><strong>et</strong></span> <span class='ocrx_word' id='word_1_48' title='bbox 644 1008 709 1070; x_wconf 87' lang='lat' dir='ltr'><strong>tuis</strong></span> <span class='ocrx_word' id='word_1_49' title='bbox 726 1006 825 1069; x_wconf 86' lang='lat' dir='ltr'><strong>saciat</strong></span> <span class='ocrx_word' id='word_1_50' title='bbox 848 1027 977 1088; x_wconf 85' lang='lat' dir='ltr'><strong>semper</strong></span> <span class='ocrx_word' id='word_1_51' title='bbox 1000 1007 1148 1069; x_wconf 84' lang='lat' dir='ltr'><strong>inherere</strong></span> <span class='ocrx_word' id='word_1_52' title='bbox 1164 1006 1339 1069; x_wconf 86' lang='lat' dir='ltr'><strong>mandatis.</strong></span> 
     </span>
     <span class='ocr_line' id='line_1_8' title="bbox 135 1095 393 1176; baseline 0.012 -21"><span class='ocrx_word' id='word_1_53' title='bbox 135 1114 196 1176; x_wconf 91' lang='lat' dir='ltr'><strong>per</strong></span> <span class='ocrx_word' id='word_1_54' title='bbox 211 1095 393 1158; x_wconf 89' lang='lat' dir='ltr'><strong>dominum.</strong></span> 
     </span>
    </p>
   </div>
   <div class='ocr_carea' id='block_1_5' title="bbox 258 1278 1211 1346">
    <p class='ocr_par' dir='ltr' id='par_1_5' title="bbox 258 1278 1211 1346">
     <span class='ocr_line' id='line_1_9' title="bbox 258 1278 1211 1346; baseline -0.003 0"><span class='ocrx_word' id='word_1_55' title='bbox 258 1282 455 1346; x_wconf 75' lang='lat' dir='ltr'><strong>Dounmcn</strong></span> <span class='ocrx_word' id='word_1_56' title='bbox 478 1281 595 1344; x_wconf 89' lang='grc' dir='ltr'>ΧΧΙΙ.</span> <span class='ocrx_word' id='word_1_57' title='bbox 621 1295 709 1345; x_wconf 78' lang='lat' dir='ltr'><strong>Posr</strong></span> <span class='ocrx_word' id='word_1_58' title='bbox 733 1278 904 1344; x_wconf 80' lang='lat' dir='ltr'><strong>Ocmms</strong></span> <span class='ocrx_word' id='word_1_59' title='bbox 930 1282 1211 1343; x_wconf 65' lang='lat' dir='ltr'><strong>Pentecosten,</strong></span> 
     </span>
    </p>
   </div>
   <div class='ocr_carea' id='block_1_6' title="bbox 134 1399 1337 1657">
    <p class='ocr_par' dir='ltr' id='par_1_6' title="bbox 134 1399 1337 1657">
     <span class='ocr_line' id='line_1_10' title="bbox 180 1399 1337 1485; baseline -0.004 -20"><span class='ocrx_word' id='word_1_60' title='bbox 180 1401 318 1485; x_wconf 90' lang='lat' dir='ltr'><strong>Largire</strong></span> <span class='ocrx_word' id='word_1_61' title='bbox 332 1422 513 1485; x_wconf 89' lang='lat' dir='ltr'><strong>quesumus</strong></span> <span class='ocrx_word' id='word_1_62' title='bbox 528 1402 664 1464; x_wconf 90' lang='lat' dir='ltr'><strong>domine</strong></span> <span class='ocrx_word' id='word_1_63' title='bbox 681 1402 832 1465; x_wconf 85' lang='lat' dir='ltr'><strong>fidelibus</strong></span> <span class='ocrx_word' id='word_1_64' title='bbox 848 1401 914 1464; x_wconf 89' lang='lat' dir='ltr'><strong>tuis</strong></span> <span class='ocrx_word' id='word_1_65' title='bbox 930 1400 1171 1481; x_wconf 82' lang='lat' dir='ltr'><strong>indulgentiam</strong></span> <span class='ocrx_word' id='word_1_66' title='bbox 1189 1399 1337 1481; x_wconf 86' lang='lat' dir='ltr'><strong>placatus</strong></span> 
     </span>
     <span class='ocr_line' id='line_1_11' title="bbox 135 1488 1336 1571; baseline -0.003 -20"><span class='ocrx_word' id='word_1_67' title='bbox 135 1498 170 1551; x_wconf 90' lang='lat' dir='ltr'><strong>et</strong></span> <span class='ocrx_word' id='word_1_68' title='bbox 186 1510 312 1571; x_wconf 89' lang='lat' dir='ltr'><strong>pacem.</strong></span> <span class='ocrx_word' id='word_1_69' title='bbox 329 1500 365 1553; x_wconf 93' lang='lat' dir='ltr'><strong>ut</strong></span> <span class='ocrx_word' id='word_1_70' title='bbox 381 1490 503 1571; x_wconf 89' lang='lat' dir='ltr'><strong>pariter</strong></span> <span class='ocrx_word' id='word_1_71' title='bbox 526 1490 570 1552; x_wconf 89' lang='lat' dir='ltr'><strong>ab</strong></span> <span class='ocrx_word' id='word_1_72' title='bbox 593 1489 747 1551; x_wconf 91' lang='lat' dir='ltr'><strong>omnibus</strong></span> <span class='ocrx_word' id='word_1_73' title='bbox 776 1490 979 1552; x_wconf 91' lang='lat' dir='ltr'><strong>mundentur</strong></span> <span class='ocrx_word' id='word_1_74' title='bbox 1005 1488 1147 1551; x_wconf 82' lang='lat' dir='ltr'><strong>offensis.</strong></span> <span class='ocrx_word' id='word_1_75' title='bbox 1165 1500 1198 1549; x_wconf 91' lang='lat' dir='ltr'><strong>et</strong></span> <span class='ocrx_word' id='word_1_76' title='bbox 1225 1507 1336 1549; x_wconf 81' lang='lat' dir='ltr'><strong>secura</strong></span> 
     </span>
     <span class='ocr_line' id='line_1_12' title="bbox 134 1576 809 1657; baseline 0 -19"><span class='ocrx_word' id='word_1_77' title='bbox 134 1577 197 1639; x_wconf 90' lang='lat' dir='ltr'><strong>tibi</strong></span> <span class='ocrx_word' id='word_1_78' title='bbox 214 1587 325 1640; x_wconf 90' lang='lat' dir='ltr'><strong>mente</strong></span> <span class='ocrx_word' id='word_1_79' title='bbox 340 1577 537 1640; x_wconf 86' lang='lat' dir='ltr'><strong>deseruiant.</strong></span> <span class='ocrx_word' id='word_1_80' title='bbox 554 1596 613 1657; x_wconf 90' lang='lat' dir='ltr'><strong>per</strong></span> <span class='ocrx_word' id='word_1_81' title='bbox 628 1576 809 1638; x_wconf 91' lang='lat' dir='ltr'><strong>dominum.</strong></span> 
     </span>
    </p>
   </div>
   <div class='ocr_carea' id='block_1_7' title="bbox 666 1711 803 1777">
    <p class='ocr_par' dir='ltr' id='par_1_7' title="bbox 666 1711 803 1777">
     <span class='ocr_line' id='line_1_13' title="bbox 666 1711 803 1777; baseline -0.015 0"><span class='ocrx_word' id='word_1_82' title='bbox 666 1711 803 1777; x_wconf 84' lang='lat' dir='ltr'><strong>Secreta.</strong></span> 
     </span>
    </p>
   </div>
   <div class='ocr_carea' id='block_1_8' title="bbox 138 1813 1339 1984">
    <p class='ocr_par' dir='ltr' id='par_1_8' title="bbox 138 1813 1339 1984">
     <span class='ocr_line' id='line_1_14' title="bbox 182 1813 1339 1898; baseline -0.006 -17"><span class='ocrx_word' id='word_1_83' title='bbox 182 1816 369 1882; x_wconf 84' lang='lat' dir='ltr'><strong>Caelestem</strong></span> <span class='ocrx_word' id='word_1_84' title='bbox 397 1816 493 1880; x_wconf 90' lang='lat' dir='ltr'><strong>nobis</strong></span> <span class='ocrx_word' id='word_1_85' title='bbox 520 1818 701 1898; x_wconf 84' lang='lat' dir='ltr'><strong>praebeant</strong></span> <span class='ocrx_word' id='word_1_86' title='bbox 725 1817 806 1879; x_wconf 90' lang='lat' dir='ltr'><strong>haec</strong></span> <span class='ocrx_word' id='word_1_87' title='bbox 830 1816 988 1896; x_wconf 81' lang='lat' dir='ltr'><strong>mysteria</strong></span> <span class='ocrx_word' id='word_1_88' title='bbox 1004 1834 1187 1895; x_wconf 90' lang='lat' dir='ltr'><strong>quesumus</strong></span> <span class='ocrx_word' id='word_1_89' title='bbox 1204 1813 1339 1877; x_wconf 91' lang='lat' dir='ltr'><strong>domine</strong></span> 
     </span>
     <span class='ocr_line' id='line_1_15' title="bbox 138 1904 1033 1984; baseline -0.004 -17"><span class='ocrx_word' id='word_1_90' title='bbox 138 1905 347 1968; x_wconf 86' lang='lat' dir='ltr'><strong>medicinam.</strong></span> <span class='ocrx_word' id='word_1_91' title='bbox 363 1914 396 1966; x_wconf 90' lang='lat' dir='ltr'><strong>et</strong></span> <span class='ocrx_word' id='word_1_92' title='bbox 413 1905 494 1967; x_wconf 89' lang='lat' dir='ltr'><strong>uitia</strong></span> <span class='ocrx_word' id='word_1_93' title='bbox 511 1906 613 1967; x_wconf 89' lang='lat' dir='ltr'><strong>nostri</strong></span> <span class='ocrx_word' id='word_1_94' title='bbox 629 1904 737 1966; x_wconf 92' lang='lat' dir='ltr'><strong>cordis</strong></span> <span class='ocrx_word' id='word_1_95' title='bbox 754 1912 952 1984; x_wconf 81' lang='lat' dir='ltr'><strong>expurgent.</strong></span> <span class='ocrx_word' id='word_1_96' title='bbox 967 1923 1033 1984; x_wconf 88' lang='lat' dir='ltr'><strong>per.</strong></span> 
     </span>
    </p>
   </div>
   <div class='ocr_carea' id='block_1_9' title="bbox 641 2040 823 2120">
    <p class='ocr_par' dir='ltr' id='par_1_9' title="bbox 641 2040 823 2120">
     <span class='ocr_line' id='line_1_16' title="bbox 641 2040 823 2120; baseline -0.022 -15"><span class='ocrx_word' id='word_1_97' title='bbox 641 2040 823 2120; x_wconf 72' lang='lat' dir='ltr'><strong>Praefatio.</strong></span> 
     </span>
    </p>
   </div>
   <div class='ocr_carea' id='block_1_10' title="bbox 133 2142 1340 2488">
    <p class='ocr_par' dir='ltr' id='par_1_10' title="bbox 133 2142 1340 2488">
     <span class='ocr_line' id='line_1_17' title="bbox 180 2142 1339 2225; baseline -0.006 -15"><span class='ocrx_word' id='word_1_98' title='bbox 180 2146 230 2210; x_wconf 70' lang='lat' dir='ltr'><strong>G)</strong></span> <span class='ocrx_word' id='word_1_99' title='bbox 247 2155 380 2208; x_wconf 87' lang='lat' dir='ltr'><strong>aeterne</strong></span> <span class='ocrx_word' id='word_1_100' title='bbox 396 2144 486 2207; x_wconf 89' lang='lat' dir='ltr'><strong>deus.</strong></span> <span class='ocrx_word' id='word_1_101' title='bbox 533 2144 746 2207; x_wconf 86' lang='lat' dir='ltr'><strong>Maiestatem</strong></span> <span class='ocrx_word' id='word_1_102' title='bbox 770 2154 862 2206; x_wconf 86' lang='lat' dir='ltr'><strong>tuam</strong></span> <span class='ocrx_word' id='word_1_103' title='bbox 886 2142 1078 2225; x_wconf 86' lang='lat' dir='ltr'><strong>suppliciter</strong></span> <span class='ocrx_word' id='word_1_104' title='bbox 1094 2143 1339 2223; x_wconf 81' lang='lat' dir='ltr'><strong>depraecantes.</strong></span> 
     </span>
     <span class='ocr_line' id='line_1_18' title="bbox 134 2230 1340 2315; baseline -0.005 -20"><span class='ocrx_word' id='word_1_105' title='bbox 134 2240 173 2295; x_wconf 91' lang='lat' dir='ltr'><strong>ut</strong></span> <span class='ocrx_word' id='word_1_106' title='bbox 203 2231 355 2315; x_wconf 89' lang='lat' dir='ltr'><strong>expulsis</strong></span> <span class='ocrx_word' id='word_1_107' title='bbox 385 2233 512 2314; x_wconf 87' lang='lat' dir='ltr'><strong>azymis</strong></span> <span class='ocrx_word' id='word_1_108' title='bbox 546 2232 730 2294; x_wconf 85' lang='lat' dir='ltr'><strong>uetustatis.</strong></span> <span class='ocrx_word' id='word_1_109' title='bbox 764 2231 851 2293; x_wconf 83' lang='lat' dir='ltr'><strong>illius</strong></span> <span class='ocrx_word' id='word_1_110' title='bbox 882 2232 960 2311; x_wconf 84' lang='lat' dir='ltr'><strong>agni</strong></span> <span class='ocrx_word' id='word_1_111' title='bbox 994 2231 1082 2310; x_wconf 88' lang='lat' dir='ltr'><strong>cybo</strong></span> <span class='ocrx_word' id='word_1_112' title='bbox 1118 2230 1278 2291; x_wconf 87' lang='lat' dir='ltr'><strong>satiemur</strong></span> <span class='ocrx_word' id='word_1_113' title='bbox 1306 2238 1340 2289; x_wconf 90' lang='lat' dir='ltr'><strong>et</strong></span> 
     </span>
     <span class='ocr_line' id='line_1_19' title="bbox 133 2315 1338 2401; baseline -0.005 -20"><span class='ocrx_word' id='word_1_114' title='bbox 133 2318 265 2401; x_wconf 87' lang='lat' dir='ltr'><strong>poculo.</strong></span> <span class='ocrx_word' id='word_1_115' title='bbox 279 2319 382 2399; x_wconf 93' lang='lat' dir='ltr'><strong>quiet</strong></span> <span class='ocrx_word' id='word_1_116' title='bbox 398 2329 544 2381; x_wconf 91' lang='lat' dir='ltr'><strong>nostram</strong></span> <span class='ocrx_word' id='word_1_117' title='bbox 557 2320 735 2401; x_wconf 86' lang='lat' dir='ltr'><strong>imaginem</strong></span> <span class='ocrx_word' id='word_1_118' title='bbox 753 2318 927 2398; x_wconf 74' lang='lat' dir='ltr'><strong>separauit.</strong></span> <span class='ocrx_word' id='word_1_119' title='bbox 938 2327 971 2379; x_wconf 94' lang='lat' dir='ltr'><strong>et</strong></span> <span class='ocrx_word' id='word_1_120' title='bbox 982 2336 1076 2378; x_wconf 90' lang='lat' dir='ltr'><strong>suam</strong></span> <span class='ocrx_word' id='word_1_121' title='bbox 1091 2315 1185 2377; x_wconf 92' lang='lat' dir='ltr'><strong>nobis</strong></span> <span class='ocrx_word' id='word_1_122' title='bbox 1197 2315 1338 2397; x_wconf 84' lang='lat' dir='ltr'><strong>gratiam</strong></span> 
     </span>
     <span class='ocr_line' id='line_1_20' title="bbox 133 2406 1108 2488; baseline -0.001 -20"><span class='ocrx_word' id='word_1_123' title='bbox 133 2406 329 2488; x_wconf 85' lang='lat' dir='ltr'><strong>repromisit</strong></span> <span class='ocrx_word' id='word_1_124' title='bbox 347 2406 435 2469; x_wconf 90' lang='lat' dir='ltr'><strong>iesus</strong></span> <span class='ocrx_word' id='word_1_125' title='bbox 457 2407 598 2469; x_wconf 91' lang='lat' dir='ltr'><strong>christus</strong></span> <span class='ocrx_word' id='word_1_126' title='bbox 614 2406 769 2468; x_wconf 91' lang='lat' dir='ltr'><strong>dominus</strong></span> <span class='ocrx_word' id='word_1_127' title='bbox 786 2416 907 2466; x_wconf 89' lang='lat' dir='ltr'><strong>noster.</strong></span> <span class='ocrx_word' id='word_1_128' title='bbox 925 2423 985 2484; x_wconf 93' lang='lat' dir='ltr'><strong>per</strong></span> <span class='ocrx_word' id='word_1_129' title='bbox 999 2423 1108 2485; x_wconf 88' lang='lat' dir='ltr'><strong>quem.</strong></span> 
     </span>
    </p>
   </div>
   <div class='ocr_carea' id='block_1_11' title="bbox 589 2541 889 2623">
    <p class='ocr_par' dir='ltr' id='par_1_11' title="bbox 589 2541 889 2623">
     <span class='ocr_line' id='line_1_21' title="bbox 589 2541 889 2623; baseline -0.01 -18"><span class='ocrx_word' id='word_1_130' title='bbox 589 2543 621 2605; x_wconf 84' lang='lat' dir='ltr'><strong><em>A</em></strong></span> <span class='ocrx_word' id='word_1_131' title='bbox 625 2541 652 2604; x_wconf 80' lang='lat' dir='ltr'><strong>d</strong></span> <span class='ocrx_word' id='word_1_132' title='bbox 662 2542 889 2623; x_wconf 65' lang='lat' dir='ltr'><strong>conmlcndum.</strong></span> 
     </span>
    </p>
   </div>
   <div class='ocr_carea' id='block_1_12' title="bbox 132 2643 1339 2817">
    <p class='ocr_par' dir='ltr' id='par_1_12' title="bbox 132 2643 1339 2817">
     <span class='ocr_line' id='line_1_22' title="bbox 178 2643 1339 2728; baseline -0.006 -18"><span class='ocrx_word' id='word_1_133' title='bbox 178 2645 229 2710; x_wconf 93' lang='lat' dir='ltr'><strong>Ut</strong></span> <span class='ocrx_word' id='word_1_134' title='bbox 245 2646 345 2708; x_wconf 91' lang='lat' dir='ltr'><strong>sacris</strong></span> <span class='ocrx_word' id='word_1_135' title='bbox 355 2645 490 2709; x_wconf 92' lang='lat' dir='ltr'><strong>domine</strong></span> <span class='ocrx_word' id='word_1_136' title='bbox 507 2647 686 2710; x_wconf 92' lang='lat' dir='ltr'><strong>reddamur</strong></span> <span class='ocrx_word' id='word_1_137' title='bbox 697 2647 790 2728; x_wconf 91' lang='lat' dir='ltr'><strong>digni</strong></span> <span class='ocrx_word' id='word_1_138' title='bbox 808 2645 1006 2708; x_wconf 89' lang='lat' dir='ltr'><strong>muneribus.</strong></span> <span class='ocrx_word' id='word_1_139' title='bbox 1020 2643 1071 2706; x_wconf 84' lang='lat' dir='ltr'><strong>fac</strong></span> <span class='ocrx_word' id='word_1_140' title='bbox 1089 2664 1148 2705; x_wconf 90' lang='lat' dir='ltr'><strong>nos</strong></span> <span class='ocrx_word' id='word_1_141' title='bbox 1158 2663 1339 2725; x_wconf 89' lang='lat' dir='ltr'><strong>quesumus</strong></span> 
     </span>
     <span class='ocr_line' id='line_1_23' title="bbox 132 2732 647 2817; baseline 0 -20"><span class='ocrx_word' id='word_1_142' title='bbox 132 2734 201 2797; x_wconf 90' lang='lat' dir='ltr'><strong>tuis</strong></span> <span class='ocrx_word' id='word_1_143' title='bbox 216 2732 373 2796; x_wconf 90' lang='lat' dir='ltr'><strong>oboedire</strong></span> <span class='ocrx_word' id='word_1_144' title='bbox 390 2735 564 2797; x_wconf 89' lang='lat' dir='ltr'><strong>mandatis.</strong></span> <span class='ocrx_word' id='word_1_145' title='bbox 581 2754 647 2817; x_wconf 90' lang='lat' dir='ltr'><strong>per.</strong></span> 
     </span>
    </p>
   </div>
   <div class='ocr_carea' id='block_1_13' title="bbox 248 2928 1229 2994">
    <p class='ocr_par' dir='ltr' id='par_1_13' title="bbox 248 2928 1229 2994">
     <span class='ocr_line' id='line_1_24' title="bbox 248 2928 1229 2994; baseline 0.001 -3"><span class='ocrx_word' id='word_1_146' title='bbox 248 2928 445 2993; x_wconf 77' lang='lat' dir='ltr'><strong>Donrmcn</strong></span> <span class='ocrx_word' id='word_1_147' title='bbox 470 2929 607 2994; x_wconf 87' lang='lat' dir='ltr'><strong>XXIII.</strong></span> <span class='ocrx_word' id='word_1_148' title='bbox 632 2943 722 2993; x_wconf 76' lang='lat' dir='ltr'><strong>nosr</strong></span> <span class='ocrx_word' id='word_1_149' title='bbox 745 2928 920 2994; x_wconf 78' lang='lat' dir='ltr'><strong>Ocmms</strong></span> <span class='ocrx_word' id='word_1_150' title='bbox 945 2928 1229 2992; x_wconf 70' lang='lat' dir='ltr'><strong>Piznracosran</strong></span> 
     </span>
    </p>
   </div>
   <div class='ocr_carea' id='block_1_14' title="bbox 131 3046 1338 3308">
    <p class='ocr_par' dir='ltr' id='par_1_14' title="bbox 131 3046 1338 3308">
     <span class='ocr_line' id='line_1_25' title="bbox 177 3046 1338 3134; baseline -0.005 -19"><span class='ocrx_word' id='word_1_151' title='bbox 177 3049 274 3116; x_wconf 90' lang='lat' dir='ltr'><strong>Deus</strong></span> <span class='ocrx_word' id='word_1_152' title='bbox 301 3051 357 3132; x_wconf 90' lang='lat' dir='ltr'><strong>qui</strong></span> <span class='ocrx_word' id='word_1_153' title='bbox 386 3071 447 3113; x_wconf 95' lang='lat' dir='ltr'><strong>nos</strong></span> <span class='ocrx_word' id='word_1_154' title='bbox 478 3051 624 3134; x_wconf 90' lang='lat' dir='ltr'><strong>regendo</strong></span> <span class='ocrx_word' id='word_1_155' title='bbox 654 3071 831 3113; x_wconf 88' lang='lat' dir='ltr'><strong>conseruas</strong></span> <span class='ocrx_word' id='word_1_156' title='bbox 862 3052 1029 3133; x_wconf 88' lang='lat' dir='ltr'><strong>parcendo</strong></span> <span class='ocrx_word' id='word_1_157' title='bbox 1059 3046 1224 3111; x_wconf 82' lang='lat' dir='ltr'><strong>iustificas</strong></span> <span class='ocrx_word' id='word_1_158' title='bbox 1255 3057 1288 3110; x_wconf 90' lang='lat' dir='ltr'><strong>et</strong></span> <span class='ocrx_word' id='word_1_159' title='bbox 1319 3068 1338 3109; x_wconf 91' lang='lat' dir='ltr'><strong>a</strong></span> 
     </span>
     <span class='ocr_line' id='line_1_26' title="bbox 131 3136 1336 3221; baseline -0.002 -21"><span class='ocrx_word' id='word_1_160' title='bbox 131 3137 309 3221; x_wconf 86' lang='lat' dir='ltr'><strong>temporali</strong></span> <span class='ocrx_word' id='word_1_161' title='bbox 337 3138 551 3202; x_wconf 88' lang='lat' dir='ltr'><strong>tribulatione</strong></span> <span class='ocrx_word' id='word_1_162' title='bbox 566 3159 628 3201; x_wconf 92' lang='lat' dir='ltr'><strong>nos</strong></span> <span class='ocrx_word' id='word_1_163' title='bbox 643 3140 742 3220; x_wconf 88' lang='lat' dir='ltr'><strong>eripe.</strong></span> <span class='ocrx_word' id='word_1_164' title='bbox 758 3150 792 3201; x_wconf 89' lang='lat' dir='ltr'><strong>et</strong></span> <span class='ocrx_word' id='word_1_165' title='bbox 807 3139 932 3219; x_wconf 87' lang='lat' dir='ltr'><strong>gaudia</strong></span> <span class='ocrx_word' id='word_1_166' title='bbox 948 3138 1043 3199; x_wconf 89' lang='lat' dir='ltr'><strong>nobis</strong></span> <span class='ocrx_word' id='word_1_167' title='bbox 1059 3146 1195 3199; x_wconf 88' lang='lat' dir='ltr'><strong>aeterna</strong></span> <span class='ocrx_word' id='word_1_168' title='bbox 1212 3136 1336 3217; x_wconf 88' lang='lat' dir='ltr'><strong>largire.</strong></span> 
     </span>
     <span class='ocr_line' id='line_1_27' title="bbox 133 3224 559 3308; baseline 0.009 -22"><span class='ocrx_word' id='word_1_169' title='bbox 133 3245 193 3308; x_wconf 90' lang='lat' dir='ltr'><strong>per</strong></span> <span class='ocrx_word' id='word_1_170' title='bbox 208 3224 382 3287; x_wconf 85' lang='lat' dir='ltr'><strong>dominum</strong></span> <span class='ocrx_word' id='word_1_171' title='bbox 400 3234 559 3292; x_wconf 91' lang='lat' dir='ltr'><strong>nostrum.</strong></span> 
     </span>
    </p>
   </div>
   <div class='ocr_carea' id='block_1_15' title="bbox 670 3344 807 3409">
    <p class='ocr_par' dir='ltr' id='par_1_15' title="bbox 670 3344 807 3409">
     <span class='ocr_line' id='line_1_28' title="bbox 670 3344 807 3409; baseline 0.007 -1"><span class='ocrx_word' id='word_1_172' title='bbox 670 3344 807 3409; x_wconf 83' lang='lat' dir='ltr'><strong>Secreta.</strong></span> 
     </span>
    </p>
   </div>
   <div class='ocr_carea' id='block_1_16' title="bbox 131 3446 1336 3686">
    <p class='ocr_par' dir='ltr' id='par_1_16' title="bbox 131 3446 1336 3686">
     <span class='ocr_line' id='line_1_29' title="bbox 176 3446 1336 3532; baseline -0.004 -19"><span class='ocrx_word' id='word_1_173' title='bbox 176 3446 317 3531; x_wconf 88' lang='lat' dir='ltr'><strong>Suscipe</strong></span> <span class='ocrx_word' id='word_1_174' title='bbox 347 3447 481 3511; x_wconf 92' lang='lat' dir='ltr'><strong>domine</strong></span> <span class='ocrx_word' id='word_1_175' title='bbox 518 3450 716 3532; x_wconf 90' lang='lat' dir='ltr'><strong>propitiatus</strong></span> <span class='ocrx_word' id='word_1_176' title='bbox 755 3449 881 3511; x_wconf 87' lang='lat' dir='ltr'><strong>hostias</strong></span> <span class='ocrx_word' id='word_1_177' title='bbox 918 3448 1038 3528; x_wconf 89' lang='lat' dir='ltr'><strong>quibus</strong></span> <span class='ocrx_word' id='word_1_178' title='bbox 1076 3456 1109 3510; x_wconf 90' lang='lat' dir='ltr'><strong>et</strong></span> <span class='ocrx_word' id='word_1_179' title='bbox 1147 3456 1180 3510; x_wconf 93' lang='lat' dir='ltr'><strong>te</strong></span> <span class='ocrx_word' id='word_1_180' title='bbox 1215 3446 1336 3528; x_wconf 85' lang='lat' dir='ltr'><strong>placari</strong></span> 
     </span>
     <span class='ocr_line' id='line_1_30' title="bbox 131 3533 1336 3619; baseline -0.002 -21"><span class='ocrx_word' id='word_1_181' title='bbox 131 3535 276 3598; x_wconf 88' lang='lat' dir='ltr'><strong>uoluisti.</strong></span> <span class='ocrx_word' id='word_1_182' title='bbox 292 3545 327 3599; x_wconf 90' lang='lat' dir='ltr'><strong>et</strong></span> <span class='ocrx_word' id='word_1_183' title='bbox 350 3538 445 3599; x_wconf 93' lang='lat' dir='ltr'><strong>nobis</strong></span> <span class='ocrx_word' id='word_1_184' title='bbox 468 3537 610 3600; x_wconf 91' lang='lat' dir='ltr'><strong>salutem</strong></span> <span class='ocrx_word' id='word_1_185' title='bbox 634 3536 763 3619; x_wconf 88' lang='lat' dir='ltr'><strong>potenti</strong></span> <span class='ocrx_word' id='word_1_186' title='bbox 788 3537 912 3619; x_wconf 90' lang='lat' dir='ltr'><strong>pietate</strong></span> <span class='ocrx_word' id='word_1_187' title='bbox 936 3533 1071 3596; x_wconf 87' lang='lat' dir='ltr'><strong>restitui.</strong></span> <span class='ocrx_word' id='word_1_188' title='bbox 1090 3554 1148 3617; x_wconf 85' lang='lat' dir='ltr'><strong>per</strong></span> <span class='ocrx_word' id='word_1_189' title='bbox 1163 3536 1336 3596; x_wconf 91' lang='lat' dir='ltr'><strong>dominum</strong></span> 
     </span>
     <span class='ocr_line' id='line_1_31' title="bbox 131 3633 292 3686; baseline -0.006 0"><span class='ocrx_word' id='word_1_190' title='bbox 131 3633 292 3686; x_wconf 90' lang='lat' dir='ltr'><strong>nostrum.</strong></span> 
     </span>
    </p>
   </div>
   <div class='ocr_carea' id='block_1_17' title="bbox 640 3743 826 3825">
    <p class='ocr_par' dir='ltr' id='par_1_17' title="bbox 640 3743 826 3825">
     <span class='ocr_line' id='line_1_32' title="bbox 640 3743 826 3825; baseline -0.011 -18"><span class='ocrx_word' id='word_1_191' title='bbox 640 3743 826 3825; x_wconf 68' lang='lat' dir='ltr'><strong>Praefatio.</strong></span> 
     </span>
    </p>
   </div>
   <div class='ocr_carea' id='block_1_18' title="bbox 130 3853 1339 4285">
    <p class='ocr_par' dir='ltr' id='par_1_18' title="bbox 130 3853 1339 4285">
     <span class='ocr_line' id='line_1_33' title="bbox 176 3853 1339 3936; baseline 0 -21"><span class='ocrx_word' id='word_1_192' title='bbox 176 3854 228 3919; x_wconf 73' lang='lat' dir='ltr'><strong>ff)</strong></span> <span class='ocrx_word' id='word_1_193' title='bbox 265 3864 398 3918; x_wconf 89' lang='lat' dir='ltr'><strong>aeterne</strong></span> <span class='ocrx_word' id='word_1_194' title='bbox 435 3855 525 3919; x_wconf 91' lang='lat' dir='ltr'><strong>deus.</strong></span> <span class='ocrx_word' id='word_1_195' title='bbox 584 3856 628 3919; x_wconf 88' lang='lat' dir='ltr'><strong>Et</strong></span> <span class='ocrx_word' id='word_1_196' title='bbox 667 3876 727 3919; x_wconf 90' lang='lat' dir='ltr'><strong>nos</strong></span> <span class='ocrx_word' id='word_1_197' title='bbox 765 3855 976 3919; x_wconf 90' lang='lat' dir='ltr'><strong>clementiam</strong></span> <span class='ocrx_word' id='word_1_198' title='bbox 1015 3864 1108 3916; x_wconf 91' lang='lat' dir='ltr'><strong>tuam</strong></span> <span class='ocrx_word' id='word_1_199' title='bbox 1146 3853 1339 3936; x_wconf 86' lang='lat' dir='ltr'><strong>suppliciter</strong></span> 
     </span>
     <span class='ocr_line' id='line_1_34' title="bbox 130 3940 1335 4023; baseline -0.002 -18"><span class='ocrx_word' id='word_1_200' title='bbox 130 3960 280 4005; x_wconf 86' lang='lat' dir='ltr'><strong>exorare.</strong></span> <span class='ocrx_word' id='word_1_201' title='bbox 293 3953 331 4005; x_wconf 87' lang='lat' dir='ltr'><strong>ut</strong></span> <span class='ocrx_word' id='word_1_202' title='bbox 347 3940 433 4005; x_wconf 90' lang='lat' dir='ltr'><strong>filius</strong></span> <span class='ocrx_word' id='word_1_203' title='bbox 449 3954 526 4005; x_wconf 87' lang='lat' dir='ltr'><strong>tuus</strong></span> <span class='ocrx_word' id='word_1_204' title='bbox 542 3943 629 4006; x_wconf 81' lang='lat' dir='ltr'><strong>iesus</strong></span> <span class='ocrx_word' id='word_1_205' title='bbox 645 3943 788 4007; x_wconf 88' lang='lat' dir='ltr'><strong>christus</strong></span> <span class='ocrx_word' id='word_1_206' title='bbox 804 3943 961 4005; x_wconf 92' lang='lat' dir='ltr'><strong>dominus</strong></span> <span class='ocrx_word' id='word_1_207' title='bbox 978 3943 1170 4023; x_wconf 65' lang='lat' dir='ltr'><strong>nosterf&#39;qui</strong></span> <span class='ocrx_word' id='word_1_208' title='bbox 1185 3940 1252 4022; x_wconf 79' lang='lat' dir='ltr'><strong>[iol.</strong></span> <span class='ocrx_word' id='word_1_209' title='bbox 1264 3943 1335 4019; x_wconf 79' lang='lat' dir='ltr'><strong>98v.</strong></span> 
     </span>
     <span class='ocr_line' id='line_1_35' title="bbox 130 4026 1337 4111; baseline 0.001 -22"><span class='ocrx_word' id='word_1_210' title='bbox 130 4048 169 4091; x_wconf 88' lang='lat' dir='ltr'><strong>se</strong></span> <span class='ocrx_word' id='word_1_211' title='bbox 184 4047 289 4109; x_wconf 84' lang='lat' dir='ltr'><strong>usque</strong></span> <span class='ocrx_word' id='word_1_212' title='bbox 315 4028 346 4091; x_wconf 95' lang='lat' dir='ltr'><strong>in</strong></span> <span class='ocrx_word' id='word_1_213' title='bbox 372 4026 471 4091; x_wconf 89' lang='lat' dir='ltr'><strong>finem</strong></span> <span class='ocrx_word' id='word_1_214' title='bbox 498 4030 628 4093; x_wconf 91' lang='lat' dir='ltr'><strong>saeculi.</strong></span> <span class='ocrx_word' id='word_1_215' title='bbox 646 4031 714 4094; x_wconf 81' lang='lat' dir='ltr'><strong>suis</strong></span> <span class='ocrx_word' id='word_1_216' title='bbox 730 4030 881 4111; x_wconf 87' lang='lat' dir='ltr'><strong>promisit</strong></span> <span class='ocrx_word' id='word_1_217' title='bbox 908 4027 1061 4091; x_wconf 86' lang='lat' dir='ltr'><strong>fidelibus</strong></span> <span class='ocrx_word' id='word_1_218' title='bbox 1084 4028 1288 4091; x_wconf 83' lang='lat' dir='ltr'><strong>adiuturum.</strong></span> <span class='ocrx_word' id='word_1_219' title='bbox 1304 4040 1337 4090; x_wconf 91' lang='lat' dir='ltr'><strong>et</strong></span> 
     </span>
     <span class='ocr_line' id='line_1_36' title="bbox 132 4115 1338 4199; baseline 0 -22"><span class='ocrx_word' id='word_1_220' title='bbox 132 4115 340 4197; x_wconf 83' lang='lat' dir='ltr'><strong>praesentiae</strong></span> <span class='ocrx_word' id='word_1_221' title='bbox 364 4115 543 4197; x_wconf 84' lang='lat' dir='ltr'><strong>corporalis</strong></span> <span class='ocrx_word' id='word_1_222' title='bbox 568 4118 732 4199; x_wconf 83' lang='lat' dir='ltr'><strong>mysteriis</strong></span> <span class='ocrx_word' id='word_1_223' title='bbox 764 4137 830 4178; x_wconf 91' lang='lat' dir='ltr'><strong>non</strong></span> <span class='ocrx_word' id='word_1_224' title='bbox 861 4116 1001 4179; x_wconf 88' lang='lat' dir='ltr'><strong>deserat.</strong></span> <span class='ocrx_word' id='word_1_225' title='bbox 1025 4135 1109 4196; x_wconf 91' lang='lat' dir='ltr'><strong>quos</strong></span> <span class='ocrx_word' id='word_1_226' title='bbox 1132 4116 1281 4179; x_wconf 90' lang='lat' dir='ltr'><strong>redemit.</strong></span> <span class='ocrx_word' id='word_1_227' title='bbox 1303 4126 1338 4177; x_wconf 90' lang='lat' dir='ltr'><strong>et</strong></span> 
     </span>
     <span class='ocr_line' id='line_1_37' title="bbox 132 4200 869 4285; baseline 0.003 -20"><span class='ocrx_word' id='word_1_228' title='bbox 132 4200 317 4265; x_wconf 88' lang='lat' dir='ltr'><strong>maiestatis</strong></span> <span class='ocrx_word' id='word_1_229' title='bbox 333 4221 413 4266; x_wconf 89' lang='lat' dir='ltr'><strong>suae</strong></span> <span class='ocrx_word' id='word_1_230' title='bbox 429 4202 596 4267; x_wconf 89' lang='lat' dir='ltr'><strong>benefieiis</strong></span> <span class='ocrx_word' id='word_1_231' title='bbox 612 4225 679 4267; x_wconf 91' lang='lat' dir='ltr'><strong>non</strong></span> <span class='ocrx_word' id='word_1_232' title='bbox 696 4204 869 4285; x_wconf 87' lang='lat' dir='ltr'><strong>relinquat.</strong></span> 
     </span>
    </p>
   </div>
   <div class='ocr_carea' id='block_1_19' title="bbox 580 4332 881 4414">
    <p class='ocr_par' dir='ltr' id='par_1_19' title="bbox 580 4332 881 4414">
     <span class='ocr_line' id='line_1_38' title="bbox 580 4332 881 4414; baseline -0.003 -17"><span class='ocrx_word' id='word_1_233' title='bbox 580 4332 644 4397; x_wconf 80' lang='lat' dir='ltr'><strong>Ad</strong></span> <span class='ocrx_word' id='word_1_234' title='bbox 653 4333 881 4414; x_wconf 62' lang='lat' dir='ltr'><strong>conplendum.</strong></span> 
     </span>
    </p>
   </div>
   <div class='ocr_carea' id='block_1_20' title="bbox 132 4432 1335 4607">
    <p class='ocr_par' dir='ltr' id='par_1_20' title="bbox 132 4432 1335 4607">
     <span class='ocr_line' id='line_1_39' title="bbox 179 4432 1335 4537; baseline -0.001 -38"><span class='ocrx_word' id='word_1_235' title='bbox 179 4432 434 4537; x_wconf 80' lang='lat' dir='ltr'><strong>inmortalitatis</strong></span> <span class='ocrx_word' id='word_1_236' title='bbox 448 4432 641 4500; x_wconf 87' lang='lat' dir='ltr'><strong>alimoniam</strong></span> <span class='ocrx_word' id='word_1_237' title='bbox 657 4438 827 4500; x_wconf 85' lang='lat' dir='ltr'><strong>consecuti</strong></span> <span class='ocrx_word' id='word_1_238' title='bbox 843 4456 1026 4519; x_wconf 89' lang='lat' dir='ltr'><strong>quesumus</strong></span> <span class='ocrx_word' id='word_1_239' title='bbox 1041 4436 1184 4500; x_wconf 89' lang='lat' dir='ltr'><strong>domine.</strong></span> <span class='ocrx_word' id='word_1_240' title='bbox 1198 4445 1234 4500; x_wconf 91' lang='lat' dir='ltr'><strong>ut</strong></span> <span class='ocrx_word' id='word_1_241' title='bbox 1245 4436 1335 4517; x_wconf 93' lang='lat' dir='ltr'><strong>quod</strong></span> 
     </span>
     <span class='ocr_line' id='line_1_40' title="bbox 132 4532 824 4607; baseline 0 -22"><span class='ocrx_word' id='word_1_242' title='bbox 132 4540 192 4585; x_wconf 90' lang='lat' dir='ltr'><strong>ore</strong></span> <span class='ocrx_word' id='word_1_243' title='bbox 206 4540 424 4607; x_wconf 80' lang='lat' dir='ltr'><strong>percepimus.</strong></span> <span class='ocrx_word' id='word_1_244' title='bbox 440 4532 552 4587; x_wconf 89' lang='lat' dir='ltr'><strong>mente</strong></span> <span class='ocrx_word' id='word_1_245' title='bbox 566 4533 739 4588; x_wconf 88' lang='lat' dir='ltr'><strong>sectemur.</strong></span> <span class='ocrx_word' id='word_1_246' title='bbox 756 4544 824 4607; x_wconf 90' lang='lat' dir='ltr'><strong>per.</strong></span> 
     </span>
    </p>
   </div>
   <div class='ocr_carea' id='block_1_21' title="bbox 0 0 1524 5106">
    <p class='ocr_par' dir='ltr' id='par_1_21' title="bbox 0 0 1524 5106">
     <span class='ocr_line' id='line_1_41' title="bbox 0 0 1524 5106; baseline 0 0"><span class='ocrx_word' id='word_1_247' title='bbox 0 0 1524 5106; x_wconf 95' lang='lat' dir='ltr'><strong> </strong></span> 
     </span>
    </p>
   </div>
  </div>
 </body>
</html>
