3038 5106
578 326 628 377 ΙΝ
652 326 776 377 onum.
807 326 1046 379 PRESBITERI.

445 513 563 578 Mrssa
588 511 929 579 1u0an1rmmorrn
954 513 1188 578 Pnnsmrsm.

259 642 351 706 Deus
365 642 422 725 qui
438 643 539 725 digne
553 642 614 705 tibi
630 642 841 705 seruientium
865 663 926 706 nos
950 642 1071 706 imitari
1086 643 1254 708 desideras
1277 643 1418 708 famula·

214 738 294 794 tum.
310 730 355 794 da
371 729 466 793 nobis
482 730 628 793 caritatis
650 738 727 792 tuae
750 727 885 792 flamma
908 730 1023 793 ardere
1045 732 1218 794 succensis,
1234 740 1271 795 ut
1287 733 1418 795 antisti·

213 826 284 880 tum
315 817 416 879 decus
446 817 592 899 priorum
622 816 678 898 qui
716 815 776 880 tibi
806 815 1001 899 placuerunt
1031 837 1216 882 mereamur
1245 819 1415 883 consortia

214 902 372 967 obtinere.
389 924 448 987 per
463 904 644 967 dominum.

768 1040 859 1103 Alia.

259 1152 367 1231 [Deus
382 1153 474 1216 cuius
496 1152 631 1216 arbitrio
653 1152 802 1214 omnium
819 1152 984 1215 caelorum
1004 1153 1086 1216 ordo
1102 1152 1251 1217 decurrit
1268 1153 1324 1236 [so.
1346 1171 1415 1235 173.

215 1240 340 1322 respice
369 1239 531 1321 propitius
556 1240 597 1302 ad
626 1240 729 1303 nostri
759 1240 917 1321 temporis
944 1249 1097 1303 aetatem.
1128 1250 1165 1304 ut
1190 1240 1249 1303 tibi
1272 1244 1416 1305 seruitus

216 1336 329 1391 nostra
344 1325 557 1410 complaceat.
574 1336 608 1390 et
620 1327 862 1389 misericordiae
884 1335 961 1390 tuae
984 1327 1017 1389 in
1040 1326 1137 1390 nobis
1152 1326 1241 1390 dona
1255 1330 1415 1393 concede.

215 1434 281 1497 per.

749 1548 884 1613 Secreta.

257 1661 363 1725 Auser
378 1683 398 1725 a
413 1663 508 1725 nobis
524 1661 658 1725 domine
680 1661 831 1742 spiritum
855 1661 1029 1743 superbiae
1045 1663 1096 1725 cui
1113 1662 1244 1725 resistis.
1261 1672 1298 1726 ut
1313 1664 1414 1726 sacri·

211 1748 287 1812 ficia
302 1759 414 1812 nostra
429 1748 489 1812 tibi
504 1750 571 1811 sint
585 1767 716 1830 semper
731 1756 874 1830 accepta
891 1769 956 1830 per.

726 1884 904 1966 Praefatio

259 1998 309 2061 ff)
326 2008 458 2059 aeterne
468 1996 557 2059 deus.
589 1995 655 2078 Qui
666 1996 879 2060 dissimulatis
892 1998 1037 2078 peccatis
1049 1997 1213 2060 humanae
1226 1996 1416 2080 fragilitatis

215 2083 311 2147 nobis
352 2083 496 2164 indignis
537 2082 776 2146 sacerdotalem
815 2083 943 2146 confers
976 2085 1182 2166 dignitatem.
1229 2084 1284 2148 Da
1317 2083 1415 2148 nobis

214 2190 394 2253 quesumus
409 2179 446 2232 ut
462 2169 504 2232 ad
521 2181 730 2232 sacrosancta
752 2172 908 2251 mysteria
923 2172 1129 2235 immolando
1154 2170 1314 2234 sacrificia
1336 2191 1414 2233 cum

214 2256 430 2340 beneplacitis
446 2256 611 2319 mentibus
629 2256 730 2319 sacias
752 2257 893 2321 introire.
916 2259 994 2339 quia
1016 2270 1052 2321 tu
1068 2258 1157 2321 solus
1172 2259 1243 2320 sine
1258 2258 1416 2340 operibus

214 2345 301 2427 aptis
317 2343 473 2407 iustificas
489 2353 687 2426 peccatores,
704 2353 739 2405 tu
755 2345 896 2425 gratiam
920 2354 1068 2426 praestas
1084 2345 1247 2427 benignus
1262 2342 1414 2426 ingratis.

214 2432 267 2494 Tu
282 2451 323 2494 ea
337 2451 422 2512 quae
438 2441 525 2493 retro
539 2439 617 2493 sunt
640 2429 789 2492 obliuisci
816 2432 978 2493 concedis.
994 2441 1028 2495 et
1051 2432 1093 2495 ad
1117 2433 1226 2514 priora
1248 2432 1415 2515 promissa

216 2519 374 2599 mysteria
389 2517 645 2581 clementissima
661 2516 900 2598 gubernatione
916 2519 1076 2600 perducis
1091 2528 1125 2582 et
1142 2519 1224 2582 ideo

676 2654 699 2716 I
698 2655 776 2735 nfra
790 2655 951 2719 actzbnem.

261 2766 360 2829 Hanc
376 2766 475 2847 igitur
491 2766 694 2828 oblationem
711 2767 878 2828 seruitutis
902 2778 1033 2830 nostrae
1049 2788 1149 2848 quam
1167 2766 1226 2830 tibi
1243 2767 1415 2831 offerimus

216 2856 249 2917 in
265 2853 320 2916 die
334 2853 513 2915 hodiernae
529 2852 793 2934 sollempnitatis,
809 2874 876 2935 quo
899 2855 993 2917 nobis
1022 2855 1165 2935 indignis
1192 2855 1416 2918 sacerdotales

215 2941 335 3003 insulas
360 2939 500 3002 tribuisti
521 2960 699 3020 quesumus
715 2941 850 3003 domine
865 2949 901 3003 ut
925 2939 1073 3022 placatus
1089 2942 1239 3024 accipias.
1256 2950 1289 3003 et
1306 2943 1339 3004 in
1356 2951 1416 3005 tua

215 3029 339 3111 pietate
366 3047 524 3089 conserua
547 3027 636 3108 quod
662 3047 697 3088 es
722 3037 876 3109 operatus
901 3028 933 3089 in
959 3028 1062 3090 nobis,
1079 3029 1215 3109 diesque
1231 3038 1364 3092 nostros
1381 3031 1414 3091 in

214 3124 281 3178 tua.

668 3251 731 3313 Ad
741 3252 964 3333 complendum.

259 3362 413 3444 Corporis
430 3363 512 3424 sacri
528 3372 561 3426 et
577 3364 731 3444 praetiosi
745 3364 913 3445 sanguinis
930 3364 1044 3445 repleti
1061 3364 1218 3427 libamine
1233 3384 1417 3445 quesumus

215 3450 350 3513 domine
365 3449 447 3512 deus
460 3459 578 3511 noster.
595 3461 630 3512 ut
646 3450 770 3530 gratiae
795 3461 871 3512 tuae
896 3471 1014 3512 munus
1030 3451 1120 3532 quod
1137 3451 1233 3513 nobis
1251 3452 1414 3515 inmeritis

215 3536 391 3686 ⁰⁰¹¹tg¹l³tl
408 3536 632 3659 intelrcedente
652 3538 758 3599 beato.
783 3538 828 3599 ill.
845 3538 1006 3619 propitius
1028 3538 1209 3602 muniendo
1235 3540 1416 3602 custodias.

215 3644 273 3706 per
312 3642 469 3685 ominum.

248 3849 256 3882 ¹
273 3853 339 3902 Four
350 3852 413 3900 lines
424 3851 452 3899 of
461 3851 502 3900 the
514 3860 581 3901 recto
592 3852 641 3900 and
654 3852 696 3900 the
707 3852 788 3900 whole
799 3850 829 3901 ol
837 3852 879 3901 the
891 3868 961 3902 verso
973 3852 1002 3902 of
1015 3853 1058 3902 sol.
1076 3865 1104 3915 17
1107 3866 1121 3916 3
1132 3870 1174 3904 are
1183 3855 1225 3903 lest
1235 3854 1321 3903 blank.
1358 3856 1417 3905 The

212 3917 304 3967 Votive
316 3918 412 3965 Masses
423 3917 498 3980 begin
509 3933 542 3966 on
554 3917 595 3967 iol.
611 3927 665 3979 174,
678 3917 721 3966 the
732 3916 783 3967 first
795 3918 885 3967 collect
896 3919 972 3984 being
984 3919 1082 3969 written
1102 3920 1128 3968 in
1145 3920 1204 3984 gold
1216 3920 1310 3980 letters,
1324 3920 1416 3970 within

213 3999 245 4033 an
257 3983 413 4033 ornamental
424 3982 523 4032 border.
