3038 5106
212 338 261 389 218
367 308 370 312 ’
496 338 556 388 κν.
585 338 670 389 rrae
698 338 785 389 nou
813 337 900 387 aar.
928 340 955 387 s
983 338 1117 391 Lucra.

213 537 276 587 vn.
301 524 391 587 lons
414 520 502 587 Ocr.
527 522 684 585 Names
716 521 952 586 Snucaonuu
976 522 1153 587 Druursn
1176 536 1257 587 cun
1281 522 1416 589 Socns.

260 652 351 715 Deus
367 652 422 732 qui
447 651 606 713 hodierna
622 651 676 712 <lie
702 650 835 713 beatum
853 651 1030 713 dionisium
1058 652 1179 713 uirtute
1205 654 1416 716 constantiae

215 741 247 802 in
281 739 434 822 passione
473 737 641 800 roborasti.
673 738 795 819 quique
826 737 872 798 illi
904 738 945 800 ad
978 738 1232 820 praedicandam
1258 738 1417 820 gentibus

215 827 354 909 gloriam
372 835 463 887 tuam
481 825 637 887 rusticum
654 834 688 887 et
704 824 919 886 eleutherium
937 825 1061 887 sociare
1077 826 1233 905 dignatus
1250 846 1292 887 es,
1307 826 1417 889 tribue

215 933 394 995 quesumus
410 933 453 973 ex
477 932 591 973 eorum
616 912 802 973 imitatione
826 931 884 992 pro
907 930 1020 973 amore
1043 922 1101 975 tuo
1124 932 1281 994 prospera
1299 914 1415 976 mundi

215 1002 384 1081 despicere
399 1009 433 1061 ct
449 998 538 1061 nulla
553 999 623 1060 eius
638 998 778 1060 aduersa
794 997 977 1060 formidare.
994 1018 1060 1080 per.

752 1134 886 1196 Secreta.

262 1245 417 1317 Hostiasi
446 1247 581 1309 domine
610 1267 789 1327 quesumus
821 1267 921 1328 quam
949 1248 981 1308 in
1010 1257 1197 1309 sanctorum
1230 1256 1415 1328 martyrum

216 1344 347 1397 tuorum
387 1335 530 1414 dionysii
574 1334 683 1395 rustici
725 1344 759 1395 et
796 1334 974 1395 eleutherii.
1006 1333 1167 1396 nataliciis
1207 1344 1418 1396 recensentes

216 1420 392 1484 offerimus.
410 1432 442 1482 et
469 1420 600 1482 uincula
625 1430 757 1482 nostrae
784 1422 956 1502 prauitatis
983 1421 1142 1482 absoluat.
1159 1431 1192 1482 ct
1220 1432 1296 1483 tuae
1319 1423 1417 1483 nobis

218 1509 460 1571 misericordiae
476 1508 564 1569 dona
579 1507 739 1569 conciliet.
757 1528 814 1589 per
830 1508 1002 1569 dominum
1020 1518 1176 1569 nostrum.

726 1643 905 1721 Praefatur.

262 1757 311 1820 ff)
338 1767 470 1819 aeterne
497 1756 586 1819 deus.
608 1756 663 1836 qui
691 1766 879 1817 sanctorum
905 1766 1087 1837 martyrum
1114 1766 1245 1818 tuorum
1263 1757 1415 1836 dionysii.

218 1845 337 1907 rustici.
354 1854 387 1905 ct
403 1843 581 1905 eleutherii.
599 1845 653 1924 pia
669 1844 850 1904 certamina
877 1844 918 1903 ad
946 1844 1116 1925 copiosam
1144 1843 1297 1925 perducis
1314 1845 1418 1905 uicto·

218 1933 309 1993 riam.
326 1940 424 2010 atquc
450 1939 645 2011 perpetuum
671 1931 718 1991 eis
744 1930 870 2010 largiris
887 1930 1091 2011 triumphum
1117 1939 1153 1991 ut
1178 1941 1211 1991 et
1237 1929 1416 1992 aecclesiae

216 2028 294 2080 tuae
310 2038 440 2098 semper
455 2018 521 2077 sint
538 2018 569 2077 in
587 2015 789 2097 exemplum.
837 2017 971 2077 Praesta
994 2017 1088 2079 nobis
1104 2037 1283 2097 quesumus
1300 2028 1336 2079 ut
1360 2038 1417 2099 per

218 2125 330 2166 eorum
358 2105 624 2165 intercessionem
651 2123 791 2183 quorurn
818 2101 901 2165 festa
928 2105 1161 2166 caelebramus.
1178 2105 1312 2184 pietatis
1339 2114 1416 2166 tuae

219 2211 353 2254 munera
369 2191 546 2272 capiamus.
563 2211 622 2271 per
643 2190 810 2251 christum.

665 2323 728 2384 sid
738 2323 961 2404 couplendum.

264 2434 454 2517 Quesumus
478 2435 690 2515 omnipotens
713 2433 803 2496 deus.
820 2445 856 2497 ut
879 2435 934 2516 qui
952 2434 1106 2497 caelestia
1129 2434 1287 2496 alimenta
1307 2456 1417 2516 perce-

218 2523 334 2605 pimus.
360 2523 639 2584 intercedentibus
665 2523 787 2583 sanctis
813 2523 877 2584 tuis
902 2522 1055 2601 dionysio
1071 2520 1206 2603 (rustico
1222 2533 1255 2583 et
1272 2522 1328 2602 [lo.
1351 2523 1416 2601 136.

218 2609 407 2672 eleutherio.
441 2629 499 2689 per
536 2610 616 2670 haec
651 2619 766 2670 contra
804 2610 917 2670 omnia
955 2609 1094 2670 aduersa
1133 2610 1328 2670 muniamur.
1361 2630 1419 2690 per

219 2697 391 2759 dominum
410 2707 568 2757 nostrum.

359 2922 395 2971 11.
420 2909 512 2971 Inus
536 2908 623 2972 Oea.
649 2909 804 2971 Numen
830 2911 971 2974 Snucrr
997 2908 1146 2973 Cnmsrr
1172 2911 1275 2972 Part.

264 3019 356 3081 Deus
387 3021 443 3099 qui
476 3040 537 3081 nos
569 3022 731 3101 conspicis
761 3043 804 3082 ex
837 3032 949 3083 nostra
975 3020 1165 3083 infirmitate
1195 3021 1344 3083 deficere.
1376 3022 1419 3084 ad

220 3126 366 3168 amorem
400 3119 493 3168 tuum
518 3127 578 3168 nos
603 3108 856 3170 misericorditer
886 3130 945 3189 per
974 3120 1164 3171 sanctorum
1196 3118 1328 3170 tuorum
1360 3129 1419 3170 ex-

220 3194 331 3273 empla
348 3204 502 3256 restaura.
520 3215 579 3275 per
594 3194 767 3255 dominum
784 3206 941 3256 nostrum.

754 3326 889 3388 Secreta.

265 3436 410 3519 Illy-stica
434 3437 529 3498 nobis
556 3438 691 3499 domine
715 3440 817 3519 prosit
844 3438 977 3501 oblatio.
1004 3459 1090 3520 quae
1115 3460 1175 3501 nos
1191 3450 1223 3501 ct
1240 3461 1259 3501 a
1277 3440 1424 3502 reatibus

221 3526 340 3586 nostris
357 3524 523 3605 expediat.
540 3536 573 3587 et
589 3536 749 3606 perpetua
776 3526 959 3587 saluatione
976 3526 1155 3588 confirmet.
1173 3547 1231 3607 per
1246 3528 1421 3589 dominum

221 3621 380 3673 nostrum.

667 3731 729 3792 Ad
740 3732 964 3811 corrrplrndum.

265 3840 455 3922 Quesumus
482 3842 693 3922 omnipotens
713 3843 802 3905 deus.
832 3854 867 3904 ut
892 3853 924 3904 et
951 3851 1078 3904 reatum
1106 3852 1255 3904 nostrum
1285 3864 1425 3906 munera

222 3940 350 3990 sacrata
381 3926 562 4009 purificent.
588 3939 622 3990 et
653 3940 740 3991 recte
771 3931 904 3992 uiuendi
937 3930 1033 3991 nobis
1056 3940 1233 4011 operentur
1257 3931 1423 3992 effectum.

222 4036 287 4097 per.

258 4214 315 4261 xv.
341 4200 431 4261 Kar.
457 4200 549 4263 Nou,
577 4200 732 4263 Nnraun
757 4201 899 4265 Sauerr
924 4201 1052 4263 Luc-ie
1078 4202 1384 4265 Eunneeersrnu

267 4313 472 4375 interueniat
496 4334 557 4395 pro
584 4312 680 4375 nobis
706 4314 840 4375 dominc
867 4333 1047 4394 quesumus
1072 4325 1207 4376 sanctus
1232 4326 1309 4375 tuus
1333 4314 1425 4377 lucas

222 4400 435 4482 euangelista
463 4402 519 4482 qui
544 4401 650 4462 crucis
675 4399 963 4462 mortificationem
996 4401 1116 4481 iugiter
1140 4402 1173 4462 in
1200 4420 1261 4462 suo
1285 4420 1425 4483 corpore

223 4507 282 4567 pro
299 4488 442 4549 nominis
458 4488 505 4549 tui
522 4487 647 4549 honore
662 4487 816 4570 portauit.
832 4507 891 4569 per
906 4487 1088 4550 dominum.
