3038 5106
220 342 269 393 ²42
475 322 587 373 mssa
606 320 662 372 Al>
682 320 895 373 SUFFRAGIA
914 320 1161 375 ANGELORUM.

745 487 884 553 Secreta.

264 599 303 661 ln
328 594 494 660 mentibus
519 592 640 656 nostris
657 611 837 673 quesumus
852 593 988 656 domine
1003 612 1101 657 uerae
1116 592 1192 657 fidei
1208 605 1418 658 sacramenta

218 683 385 749 confirma.
401 681 505 763 utqui
520 688 718 761 conceptum
734 680 777 742 de
793 679 919 762 uirgine
928 679 1028 743 deum
1044 690 1078 744 et
1094 681 1263 744 hominem
1281 680 1419 745 firmiter

218 770 424 836 confitemur.
454 789 512 850 per
540 767 688 830 eiusdem
719 765 906 829 salutiferae
936 768 1178 831 incarnationis.
1225 769 1420 832 Natiuitiui-

217 855 312 933 tatis†
337 856 506 941 passionis.
533 853 785 917 resurrectionis
810 854 1019 917 ascensionis.
1043 864 1077 918 et
1100 856 1264 919 aduentus
1285 856 1421 937 spiritus

218 946 323 1010 sancti
350 942 535 1027 potentiam
569 940 611 1004 ad
642 949 811 1003 aeternam
838 960 1024 1004 mereamur
1053 941 1223 1024 peruenire
1247 942 1419 1006 laetitiam.

219 1053 277 1116 per
291 1031 442 1095 eundem.

670 1131 732 1193 Ad
740 1130 967 1211 complendum.

264 1239 398 1301 Praesta
421 1254 599 1318 quesumus
629 1234 840 1316 omnipotens
864 1245 965 1316 pater.
992 1237 1109 1317 utqui
1136 1235 1192 1299 filii
1219 1238 1267 1301 tui
1292 1238 1420 1300 domini

220 1326 322 1389 nostri
349 1325 418 1387 iesu
445 1322 556 1385 christi
583 1321 825 1384 incarnationis.
848 1322 1038 1384 natiuitatis.
1066 1323 1236 1405 passionis.
1259 1345 1420 1387 resurrec-

219 1414 326 1477 tionis.
343 1410 550 1474 ascensionis.
567 1418 600 1471 et
623 1408 787 1470 aduentus
810 1408 942 1489 spiritus
965 1411 1071 1472 sancti
1096 1411 1289 1474 memoriam
1306 1411 1421 1474 debita

220 1498 440 1564 uenerationis
472 1496 568 1559 laude
598 1495 744 1557 colimus.
776 1494 838 1576 ipsi
868 1516 927 1578 per
956 1496 1104 1559 eiusdem
1142 1497 1275 1579 spiritus
1313 1500 1420 1560 sancti

219 1587 360 1671 gratiam
377 1605 397 1647 a
413 1594 518 1646 morte
534 1583 664 1645 animae
679 1601 895 1664 resurgamus.
911 1592 946 1646 et
969 1584 1001 1645 in
1018 1593 1076 1646 tua
1090 1603 1220 1666 semper
1235 1584 1421 1648 sanctifica-

220 1675 310 1738 tione
325 1673 484 1735 uiuamus.
501 1691 560 1751 per
573 1669 724 1732 eundern.

496 1852 612 1915 Mrssa
636 1865 707 1914 pao
731 1851 918 1915 Paccnrrs.
965 1852 1083 1915 Fama
1108 1852 1152 1916 11.

264 1974 399 2040 Exaudi
424 1973 559 2036 domine
580 1991 760 2054 quesumus
784 1973 969 2055 supplicum
994 1993 1128 2055 praeces
1142 1984 1176 2038 et
1191 1973 1422 2039 confitentium

219 2063 280 2127 tibi
318 2082 415 2145 parce
451 2059 603 2143 peccatis.
642 2068 678 2122 ut
715 2059 838 2141 pariter
874 2059 969 2122 nobis
1015 2060 1256 2143 indulgentiam
1295 2062 1423 2126 tribuas

220 2150 383 2232 benignus
399 2158 431 2211 et
448 2167 574 2230 pacem.
590 2167 649 2228 per
663 2146 844 2208 dominum.

751 2264 890 2329 Saum.

263 2371 419 2458 [Hostias
449 2372 509 2435 tibi
532 2371 667 2433 domine
697 2370 892 2452 placationis
922 2370 1099 2435 offerimus.
1124 2386 1161 2437 ut
1185 2383 1218 2436 et
1242 2372 1301 2455 [sn.
1331 2390 1422 2454 175v.

221 2460 342 2524 delicta
367 2468 479 2521 nostra
504 2458 677 2521 miseratus
701 2457 863 2520 absoluas.
880 2468 913 2521 et
938 2460 1089 2522 nutantia
1112 2461 1213 2523 corda
1235 2470 1270 2523 tu
1287 2461 1421 2544 dirigas,

221 2568 279 2630 per
294 2546 465 2609 dominum
483 2555 639 2608 nostrum.

749 2665 929 2745 Praefatio.

265 2772 315 2834 (l)
347 2782 479 2832 aeterne
512 2770 601 2831 deus.
648 2768 847 2850 Suppliciter
884 2778 917 2831 te
954 2769 1169 2850 implorantes
1207 2781 1242 2834 ut
1281 2792 1342 2834 nos
1380 2773 1426 2835 ab

221 2857 375 2920 omnibus
412 2857 555 2937 peccatis
593 2856 772 2917 clementer
809 2856 934 2937 eripias.
973 2866 1006 2918 et
1044 2878 1063 2917 a
1101 2858 1227 2920 cunctis
1265 2869 1423 2941 protegas

222 2944 383 3025 benignus
399 2944 547 3004 inimicia.
565 2963 622 3024 per
637 2942 802 3005 christum.

686 3074 786 3154 lnsra
801 3075 965 3138 acteonem.

269 3176 366 3239 Hanc
405 3175 503 3255 igitur
533 3173 734 3236 oblationem
765 3194 865 3255 quam
904 3174 962 3236 tibi
993 3175 1161 3237 offerimus
1191 3197 1251 3258 pro
1278 3179 1426 3258 peccatis

223 3274 323 3344 atque
353 3260 588 3324 offensionibus
619 3261 739 3322 nostris
766 3272 802 3323 ut
829 3262 976 3323 omnium
1008 3261 1202 3324 delictorum
1234 3273 1424 3327 nostrorum

223 3349 449 3413 remissionem
466 3348 621 3427 consequi
639 3367 828 3409 mereamur.
845 3367 1024 3428 quesumus
1040 3350 1182 3412 domine.

678 3483 740 3545 Ad
750 3484 974 3565 conplendmn.

269 3599 403 3660 Praesta
430 3596 524 3658 nobis
550 3606 703 3658 aeternae
726 3596 878 3658 saluator.
895 3607 930 3658 ut
953 3598 1169 3678 percipientes
1192 3598 1254 3660 hoc
1287 3619 1425 3663 munere

224 3686 354 3748 ueniam
372 3693 582 3765 peccatorum
599 3683 754 3764 deinceps
770 3694 907 3765 peccata
923 3684 1073 3745 uitemus.
1091 3705 1148 3766 per
1164 3686 1345 3748 dominum.

691 3819 799 3901 Super
803 3822 967 3902 populum.

268 3926 361 3990 Deus
391 3927 442 3987 cui
473 3925 641 4008 proprium
672 3932 722 3986 est
753 3924 896 3987 misereri
921 3945 1052 4007 semper
1075 3935 1108 3988 et
1133 3947 1266 4008 parcere
1292 3930 1425 4011 suscipe

224 4013 511 4096 depraecationcm
528 4020 675 4074 nostram
701 4020 734 4074 et
749 4030 833 4092 quos
848 4011 1043 4075 delictonrm
1071 4021 1189 4076 catena
1215 4016 1424 4097 constringit.

226 4101 393 4163 miseratio
408 4110 485 4162 tuae
500 4099 633 4182 pietatis
650 4098 809 4161 absoluat.
826 4118 885 4180 per
900 4099 1072 4162 dominum
1090 4110 1247 4162 nostrum.

339 4270 456 4335 M1ssn
479 4282 530 4331 no
553 4267 770 4333 surranum
793 4266 1046 4333 Aucstonun.
1093 4269 1211 4333 Fama
1236 4269 1299 4333 111.

268 4393 474 4473 Perpetuam.
491 4388 586 4454 nobis
602 4389 737 4452 domine
753 4398 830 4452 tuae
846 4388 1065 4453 miserationis
1081 4400 1213 4473 praesta
1228 4390 1428 4457 subsidium.

225 4478 343 4561 quibus
352 4487 386 4541 et
401 4475 551 4560 angelica
565 4475 745 4560 prestitisti.
762 4474 918 4558 suffragia
933 4494 1000 4540 non
1015 4476 1139 4542 deesse.
1156 4497 1223 4560 per.
