3038 5106
374 380 433 431 Vll,
463 378 546 429 KAL.
574 378 656 427 MAI.
683 376 879 427 LAETANJA
903 376 1060 427 MAIORE.
1282 390 1326 427 ιιι

320 620 519 683 Donnucn
546 618 629 681 1111.
648 618 743 683 Posr
760 616 932 682 Ocrnurs
950 619 1129 683 Pnscnss.

170 756 262 819 Deus
292 776 312 819 a
340 777 408 839 quo
438 758 526 820 bona
557 766 677 819 cuncta
699 756 884 837 procedunt
908 757 1025 837 largire
1056 756 1268 839 supplicibus.
1293 768 1329 819 ut

124 846 309 925 cogitemus
326 853 358 905 te
374 844 554 926 inspirante
570 864 656 925 quae
678 852 768 906 recta
783 854 860 905 sunt
876 854 909 906 et
925 854 958 907 tc
981 844 1189 926 gubernante
1211 847 1328 909 eadem

125 931 293 994 iaciamus.
309 951 368 1012 per
382 932 566 994 dominum.

656 1040 794 1106 Secreta.

170 1154 308 1237 Suscipe
323 1154 458 1217 domine
474 1153 620 1217 fidelium
643 1175 776 1235 praeces
792 1175 867 1216 cum
891 1153 1115 1218 oblationibus
1138 1156 1329 1219 hostiarum.

124 1253 162 1304 ut
199 1263 258 1324 per
295 1242 375 1304 haec
415 1242 489 1323 piae
519 1242 707 1304 deuotionis
745 1241 854 1304 officia
892 1242 935 1304 ad
973 1244 1148 1306 caelestem
1188 1244 1328 1326 gloriam

125 1339 340 1392 transeamus
356 1349 423 1411 per.

637 1439 820 1522 Praeferre.

171 1554 221 1617 (θ
245 1563 378 1616 aeterne
409 1554 497 1615 deus.
545 1552 590 1615 Et
614 1554 821 1615 maiestatem
845 1562 938 1616 tuam
964 1554 1135 1617 indefessis
1158 1554 1330 1637 praecibus

123 1662 273 1703 exorare.
305 1649 340 1702 ut
373 1649 500 1702 mentes
531 1650 660 1701 nostras
691 1641 786 1702 bonis
816 1642 972 1722 operibus
1003 1662 1133 1723 semper
1164 1641 1328 1705 informes.

125 1726 217 1809 Quia
228 1728 275 1790 sic
291 1728 412 1788 erimus
429 1726 583 1808 praeclari
602 1727 744 1788 muneris
760 1738 915 1809 prompta
937 1729 1124 1791 sinceritate
1140 1730 1288 1791 cultores.
1303 1730 1329 1790 si

123 1814 169 1876 ad
187 1812 323 1876 meliora
347 1814 465 1893 iugiter
486 1822 702 1876 transeuntes.
720 1814 896 1894 paschalae
920 1816 1113 1897 mysterium
1137 1817 1329 1878 studeamus

123 1900 248 1963 habere
264 1913 470 1983 perpetuum.
487 1920 544 1982 per
560 1901 726 1963 christum.

573 2052 636 2116 Ad
648 2053 874 2135 coruplendum.

173 2166 297 2229 Tribue
319 2166 416 2229 nobis
439 2166 573 2228 domine
588 2165 740 2229 caelestis
765 2187 878 2244 mense
902 2166 1032 2230 uirtutis
1071 2168 1269 2230 satietatem.
1296 2176 1332 2229 et

123 2254 314 2318 desiderare
328 2274 414 2336 quae
431 2265 518 2316 recta
534 2262 618 2315 sunt.
635 2263 669 2315 et
685 2253 871 2317 desiderata
887 2256 1065 2336 percipere.
1081 2276 1139 2336 per
1148 2256 1331 2317 dominum.

403 2478 464 2527 vn.
482 2462 574 2526 KAL.
592 2463 679 2526 ΜΑι.
692 2462 890 2526 Liternum
907 2462 1068 2526 Marone.

174 2602 324 2665 Mentem
349 2600 492 2662 familiae
515 2609 592 2662 tuae
619 2619 798 2681 quesumus
824 2600 960 2662 domine
991 2600 1212 2665 intercedente
1234 2603 1333 2666 bento

124 2690 289 2753 laurentio
306 2698 449 2768 martyre
465 2698 523 2748 tuo
538 2697 572 2749 et
588 2707 721 2748 munere
744 2687 996 2768 conpunctione
1012 2690 1109 2768 aperi.
1125 2702 1159 2752 et
1182 2690 1333 2772 largitate

126 2788 206 2839 tuae
230 2777 361 2857 pietatis
376 2774 508 2836 exaudi.
525 2794 584 2855 per
598 2774 779 2836 dominum.

684 2922 778 2985 Altiz.

172 3036 266 3099 Deus
275 3036 331 3117 qui
347 3036 461 3117 culpas
477 3034 739 3115 delinquentium
753 3033 902 3111 districte
919 3033 1065 3096 feriendo
1081 3037 1223 3117 percutis
1236 3037 1331 3101 fletus

126 3144 262 3207 quoque
278 3123 461 3203 lugentium
479 3141 544 3183 non
562 3118 720 3193 recusas.†
738 3130 774 3183 ut
790 3122 846 3201 qui
871 3123 1001 3202 pondus
1025 3132 1102 3184 tuae
1124 3124 1332 3187 animaduer-

126 3212 231 3275 sionis
246 3211 464 3292 cognouimus
480 3210 580 3271 etiam
598 3207 728 3289 pictatis
744 3209 884 3289 gratiam
901 3208 1090 3271 sentiamus.
1108 3230 1174 3290 per.

686 3342 777 3405 Alia.

173 3456 289 3541 lParce
311 3457 446 3522 dominc
469 3476 649 3539 quesumus
666 3475 763 3537 parce
786 3456 911 3537 populo
927 3465 993 3518 tuo.
1011 3468 1045 3520 et
1070 3457 1168 3519 nullis
1185 3459 1240 3542 [io
1263 3478 1333 3544 79r.

128 3546 196 3609 iam
224 3546 359 3628 patiaris
396 3543 651 3607 aduersitatibus
690 3542 830 3624 fatigari.
864 3564 948 3624 quos
985 3547 1152 3625 praetioso
1190 3546 1246 3610 filii
1286 3552 1332 3613 tui

128 3652 292 3715 sanguine
307 3632 484 3695 redemisti.
502 3652 559 3713 per
574 3630 726 3693 eundem.

689 3766 782 3830 Alia.

176 3884 269 3947 Deus
299 3880 355 3962 qui
382 3878 498 3959 culpas
527 3889 657 3942 nostras
684 3880 746 3960 piis
772 3876 963 3940 uerberibus
989 3881 1140 3960 percutis.
1173 3894 1209 3946 ut
1233 3905 1293 3948 nos
1316 3909 1336 3948 a

130 3972 253 4034 nostris
290 3967 519 4051 iniquitatibus
555 3968 725 4030 emundes.
762 3966 805 4028 da
843 3966 938 4027 nobis
975 3977 1007 4027 et
1039 3968 1081 4030 de
1112 3971 1247 4033 uerbere
1278 3984 1335 4035 tuo

131 4057 290 4141 proficere
305 4065 338 4119 et
361 4058 404 4119 dc
428 4064 485 4118 tua
507 4054 602 4117 citius
625 4054 852 4117 consolatione
875 4055 1031 4134 gaudere.
1077 4056 1138 4117 l'er
1160 4060 1333 4123 dominum

131 4154 292 4208 nostrum.

688 4251 780 4315 Alia.

178 4368 310 4434 Adesto
338 4368 474 4433 domine
499 4365 797 4448 supplicationibus
820 4365 941 4428 nostris
964 4376 998 4429 et
1021 4380 1191 4449 sperantes
1223 4372 1253 4433 in
1280 4384 1337 4435 tun

135 4455 367 4521 misericordia
398 4456 622 4518 intercedente
659 4452 759 4514 beato
785 4462 879 4533 petro
917 4456 1069 4535 apostolo
1099 4465 1165 4519 tuo.
1204 4459 1336 4521 caelesti

135 4554 276 4629 protege
290 4542 453 4627 benignus
468 4540 602 4605 auxilio
620 4559 684 4622 per.
