3038 5106
443 346 560 397 HEBD.
587 348 641 397 III.
675 348 813 409 QUADR.
846 347 966 398 SABBA
974 348 999 397 T
997 349 1024 398 0.
1305 361 1336 414 75

134 499 272 565 muliere
298 500 499 564 samaritana
525 519 631 582 aquae
657 501 719 563 sibi
744 501 840 583 petiit
861 502 982 583 porrigi
1010 510 1136 583 potum.
1159 503 1215 584 qui
1240 504 1272 565 in
1296 524 1336 566 ea

110 599 303 652 -creauerat
326 586 402 651 fidei
427 588 562 650 donum.
582 598 616 651 et
640 588 687 650 ita
713 590 783 651 eius
806 589 897 652 sitire
920 587 1076 669 dignatus
1099 600 1149 653 cst
1173 589 1281 653 fidem.
1298 602 1335 655 ut

132 676 214 737 dum
231 675 274 737 ab
289 695 329 738 ea
345 694 466 756 aquam
482 685 618 757 peteret.
635 676 667 736 in
683 696 723 737 ea
739 676 849 757 ignem
874 675 976 737 diuini
994 677 1115 737 amoris
1131 679 1333 741 accenderet.

136 762 360 844 Imploramus
387 762 500 843 itaque
524 772 616 825 tuam
643 763 838 824 immensam
867 762 1087 825 clementiam.
1105 774 1140 825 ut
1163 775 1334 847 contemp·

133 859 251 912 nentes
266 849 477 913 tenebrosam
494 847 754 931 profunditatem
779 851 934 912 uitiorum
951 861 984 912 et
1001 850 1222 930 relinquentes
1239 853 1335 914 noxi-

132 955 227 998 arum
243 934 397 1017 hydriam
413 936 643 1017 cupiditatum.
653 946 688 998 et
703 946 736 998 te
751 938 807 1017 qui
826 936 898 998 lons
914 936 1002 998 uitae
1019 946 1051 998 et
1067 939 1160 1018 origo
1176 937 1334 1002 bonitatis

133 1042 169 1083 es
191 1042 324 1104 semper
347 1023 499 1085 sitiamus
522 1033 557 1086 et
583 1023 779 1085 ieiuniorum
806 1034 993 1085 nostrorum
1020 1024 1253 1087 obseruatione
1274 1026 1334 1088 tibi

133 1109 334 1190 placeamus,
350 1130 409 1192 per
423 1129 533 1191 quem.

591 1248 653 1310 Ad
663 1248 888 1328 complendum.

180 1357 290 1422 Huius
306 1378 368 1421 nos
382 1358 517 1422 domine
541 1361 709 1442 perceptio
732 1361 931 1425 sacramenti
959 1363 1097 1425 mundet
1115 1383 1134 1425 a
1149 1363 1286 1425 crimine
1302 1374 1335 1426 et

133 1446 177 1509 ad
193 1446 350 1509 caelestia
365 1466 467 1528 regna
482 1449 649 1530 perducat.
666 1468 732 1530 per.

612 1604 720 1687 Super
724 1606 888 1687 populum.

180 1716 314 1779 Praesta
330 1737 511 1799 quesumus
527 1718 739 1799 omnipotens
755 1719 837 1781 deus
860 1730 897 1783 ut
919 1720 975 1801 qui
1001 1720 1032 1782 in
1057 1729 1114 1782 tua
1130 1721 1336 1802 protectione

135 1802 341 1867 confidimus.
368 1815 489 1868 cuncta
519 1805 615 1868 nobis
641 1806 853 1868 aduersantia
884 1817 916 1870 te
943 1808 1124 1870 adiuuante
1155 1808 1336 1870 uincamus.

135 1909 194 1972 per
207 1891 395 1955 dominum.

649 2090 831 2156 SABBATO.

179 2229 315 2309 Praesta
343 2250 525 2311 quesumus
556 2231 769 2312 omnipotens
804 2230 885 2292 deus
923 2239 960 2294 ut
997 2231 1053 2312 qui
1092 2250 1127 2291 se
1157 2230 1337 2314 affligendo

133 2335 267 2415 carnem
298 2317 342 2380 ab
372 2318 540 2381 alimentis
578 2317 754 2380 abstinent.
786 2320 946 2381 sectando
984 2319 1143 2381 iustitiam
1181 2339 1201 2380 a
1238 2320 1336 2401 culpa

133 2414 289 2467 rerunent.
304 2424 371 2486 per.

656 2529 810 2605 [Secreta.
1213 2532 1269 2615 [s0.
1288 2547 1336 2613 51.

178 2654 333 2720 Concede
348 2676 529 2738 quesumus
550 2656 763 2738 omnipotens
788 2657 869 2719 deus
885 2665 922 2719 ut
938 2656 1034 2719 huius
1050 2655 1198 2719 sacrificii
1216 2679 1336 2720 munus

133 2740 293 2806 oblatum.
311 2742 524 2826 fragilitatem
546 2754 694 2807 nostram
720 2743 762 2806 ab
788 2744 878 2805 omni
904 2744 993 2806 malo
1016 2754 1134 2826 purget
1157 2765 1288 2827 semper
1303 2757 1337 2808 et

134 2844 272 2893 muniat.
287 2850 354 2912 per.

646 2959 829 3040 Praefatio.

177 3082 227 3147 (D
251 3103 311 3164 per
330 3082 489 3147 christum
508 3085 681 3147 dominum
706 3095 865 3148 nostrum.
912 3084 978 3167 Qui
996 3085 1105 3147 ieiunii
1122 3086 1334 3167 quadragesi-

134 3169 230 3231 malis
245 3168 511 3234 obseruationem
530 3173 562 3234 in
581 3193 696 3253 moyse
719 3184 752 3235 et
775 3173 862 3234 helia
877 3174 1047 3236 dedicasti.
1064 3185 1097 3236 ct
1114 3173 1145 3234 in
1164 3175 1334 3254 unigenito

132 3252 202 3317 lilio
227 3265 287 3319 tuo
311 3255 392 3339 legis
419 3267 453 3321 et
480 3259 715 3341 prophetarum
740 3270 918 3340 nostroque
942 3261 1091 3321 omnium
1118 3261 1255 3322 domino
1277 3280 1337 3322 ex-

131 3344 266 3406 ornasti.
310 3344 420 3407 Tuam
438 3346 537 3426 igitur
547 3348 731 3408 inmensam
745 3345 929 3408 bonitatem
939 3346 1105 3427 supplices
1121 3348 1334 3427 exposcimus

133 3440 171 3493 ut
184 3431 276 3511 quod
293 3430 347 3494 ille
371 3433 438 3514 iugi
463 3433 656 3495 ieiuniorum
684 3433 864 3513 compleuit
886 3434 1137 3495 continuatione
1153 3453 1213 3495 nos
1228 3435 1335 3496 adim·

132 3515 223 3597 plere
253 3517 423 3580 ualeamus
457 3520 542 3582 illius
565 3521 669 3583 adiuti
695 3521 879 3601 largissima
903 3520 1121 3582 miseratione.
1168 3520 1213 3583 Et
1230 3522 1335 3583 adim-

132 3602 262 3684 plentes
285 3625 323 3667 ea
345 3625 412 3686 que
435 3607 610 3688 praecepit.
636 3608 725 3669 dona
748 3608 915 3689 percipere
937 3627 1122 3669 mereamur
1147 3627 1233 3688 quae
1260 3628 1334 3691 pro-

133 3690 230 3753 misit
246 3710 305 3773 per
319 3711 419 3773 quem
436 3694 653 3756 maiestatem.

589 3839 620 3901 A
624 3839 651 3900 d
661 3838 886 3921 complendusrr.

176 3960 367 4043 Quesumus
382 3963 595 4046 omnipotens
616 3965 698 4027 deus
714 3973 751 4027 ut
767 3966 851 4027 inter
867 3964 936 4026 eius
953 3962 1101 4026 membra
1124 3984 1336 4028 numeremur

132 4050 225 4112 cuius
241 4051 370 4133 corpori
386 4052 671 4114 communicamus
687 4062 721 4115 et
736 4052 897 4133 sanguini.
914 4072 973 4133 per
988 4053 1140 4114 eundem.

595 4213 702 4295 Super
707 4214 871 4295 populum.

177 4337 361 4401 Praetende
376 4338 511 4403 domine
529 4337 680 4403 fidelibus
705 4340 771 4403 tuis
795 4340 971 4402 dexteram
989 4338 1139 4401 caelestis
1156 4337 1281 4401 auxilii.
1298 4347 1334 4401 ut

130 4431 164 4486 et
188 4432 222 4487 te
245 4433 319 4488 toto
342 4425 442 4489 corde
468 4427 668 4510 perquirant.
685 4436 719 4490 et
745 4446 830 4508 quae
857 4427 958 4509 digne
982 4427 1153 4509 postulant
1175 4427 1333 4507 consequi

131 4523 327 4576 mereantur.
342 4532 408 4597 per.
