3038 5106
573 360 705 410 ernon
717 361 864 411 MISSAE.
1290 376 1321 427 45

407 512 421 598 ‚l
481 534 517 576 er
532 514 645 576 omnia
661 513 794 576 saecula
810 514 1027 578 sacculorum.
1172 514 1230 597 [so.
1248 530 1319 595 25v.

526 600 692 663 Dominus
705 602 887 664 uobiscum.

422 687 467 750 Et
483 708 558 750 cum
575 688 692 769 spiritu
705 697 772 750 tuo.

422 774 560 839 Sursum
576 775 684 837 corda.

424 862 598 924 Habemus
614 862 657 925 ad
674 862 857 926 dominum.

421 947 554 1013 Gratias
569 968 708 1031 agamus
724 950 862 1012 domino
878 959 999 1012 nostro,

422 1036 571 1118 Dignum
588 1046 621 1098 et
637 1037 759 1098 iustum
776 1046 834 1098 est.

159 1224 227 1309 sti)
243 1232 278 1287 et
294 1224 417 1286 iustum
434 1232 485 1285 est
500 1243 644 1304 aequum
661 1233 695 1285 et
711 1222 856 1285 salutare
873 1244 933 1285 nos
950 1224 1008 1287 tibi
1026 1246 1159 1308 semper
1196 1226 1252 1309 [fo.
1270 1228 1319 1293 26.

116 1315 165 1393 let
181 1312 305 1392 ubique
321 1312 445 1391 gratias
461 1330 559 1391 agere
576 1311 711 1372 domine
728 1320 864 1372 sanctae
880 1323 974 1392 pater
989 1314 1142 1394 omnipo·
1175 1314 1230 1395 [so
1248 1317 1320 1380 26v.

114 1412 192 1462 tens
223 1408 358 1461 eternae
384 1399 475 1460 deus.
499 1417 559 1478 per
584 1397 744 1459 christum
760 1398 934 1459 dominum
963 1411 1121 1463 nostrum.
1138 1422 1196 1483 per
1219 1423 1318 1483 quem

117 1486 326 1549 maiestatem
350 1494 443 1547 tuam
461 1484 598 1546 laudant
614 1484 723 1563 angeli
750 1484 892 1547 adorant
912 1484 1158 1550 dominationes
1173 1500 1320 1552 tremunt

115 1581 307 1655 potestates.
370 1570 462 1635 Caeli
493 1570 727 1651 caelorumque
764 1572 904 1634 uirtutes
941 1592 980 1634 ac
1017 1574 1115 1637 beata
1153 1577 1318 1658 seraphim

115 1660 205 1722 socia
228 1658 438 1722 exultatione
461 1656 700 1719 concelebrant.
747 1657 832 1719 Cum
860 1658 980 1739 quibus
1007 1670 1040 1723 et
1068 1673 1197 1725 nostras
1222 1684 1320 1726 uoces

117 1758 153 1809 ut
184 1746 317 1809 admitti
350 1744 463 1808 iubeas
500 1744 718 1826 deprecamur
755 1744 895 1826 supplici
934 1746 1141 1811 consessione
1171 1750 1319 1814 dicentes

117 1832 269 1899 Sanctus.
315 1831 467 1896 Sanctus.
513 1830 665 1895 Sanetus.

159 1920 225 2003 jTe
237 1920 338 2001 igitur
352 1918 611 1981 clementissime
627 1916 737 2000 lpater
752 1939 810 2000 per
832 1919 937 1981 iesum
994 1918 1050 2001 [so.
1068 1937 1116 2000 27.
1173 1922 1228 2005 [fo.
1246 1940 1317 2004 27v.

115 2006 274 2071 christum
302 2005 406 2068 filium
434 2015 528 2068 tuum
554 2006 727 2067 dominum
755 2015 904 2068 nostrum
931 2007 1097 2088 supplices
1114 2030 1269 2091 rogamus
1285 2024 1318 2075 et

116 2095 262 2177 petimus
285 2094 334 2156 uti
358 2102 496 2174 accepta
522 2092 646 2154 habeas
672 2102 706 2154 et
736 2102 766 2161 ÷
798 2092 973 2155 benedicas
1002 2104 1032 2163 ÷
1060 2095 1141 2157 haec
1171 2098 1260 2160 dona
1282 2112 1310 2168 ÷

114 2182 196 2245 haec
212 2200 352 2243 munera
366 2180 448 2242 haec
463 2190 580 2241 sancta
594 2178 753 2241 sacrificia
768 2178 916 2242 inlibata.

162 2268 318 2351 Inprimis
333 2286 419 2348 quae
435 2266 494 2329 tibi
512 2266 681 2328 offerimus
696 2286 758 2347 pro
773 2266 932 2328 aecclesia
949 2276 1006 2329 tua
1022 2281 1138 2332 sancta
1154 2271 1317 2335 catholica

115 2374 215 2437 quam
233 2352 409 2437 pacificare
430 2353 597 2416 custodire
620 2353 767 2415 adunare
792 2364 826 2416 et
851 2373 963 2433 regere
988 2356 1134 2437 digneris
1150 2367 1222 2421 toto
1238 2360 1317 2423 orbe

117 2452 277 2505 terrarum
294 2460 361 2503 una
376 2460 452 2503 cum
470 2439 594 2502 famulo
611 2449 669 2501 tuo
681 2459 769 2520 papa
782 2450 895 2501 nostro
911 2441 955 2502 ill.
967 2452 1000 2504 et
1016 2462 1093 2524 rege
1104 2456 1217 2507 nostro
1229 2447 1272 2508 ill.
1284 2457 1317 2510 et

115 2530 266 2593 antistite
293 2538 406 2591 nostro
433 2526 478 2589 ill.
493 2536 528 2589 et
552 2526 707 2588 omnibus
731 2527 929 2589 orthodoxis
953 2538 1054 2610 atque
1078 2531 1261 2595 catholicae
1284 2546 1318 2598 et

115 2616 321 2697 apostolicae
336 2613 414 2677 fidei
430 2612 621 2676 cultoribus.

160 2702 335 2765 Memento
349 2702 486 2765 domine
504 2698 703 2762 famulorum
727 2699 992 2782 famularumque
1014 2711 1146 2765 tuarum
1163 2706 1207 2769 ill.
1223 2718 1256 2769 et
1272 2708 1317 2772 ill.

112 2800 147 2853 et
162 2790 313 2851 omnium
336 2788 665 2851 circumadstantium
690 2806 831 2867 quorum
857 2788 916 2849 tibi
941 2787 1023 2851 fides
1049 2792 1183 2871 cognita
1207 2808 1257 2856 est
1284 2807 1318 2858 et

114 2886 195 2939 nota
209 2876 348 2939 deuotio
363 2895 423 2957 pro
439 2874 559 2955 quibus
575 2872 634 2935 tibi
650 2872 820 2935 offerimus
843 2874 895 2936 uel
920 2877 976 2957 qui
1003 2876 1061 2939 tibi
1086 2877 1229 2943 offerunt
1254 2882 1316 2945 hoc

113 2962 310 3026 sacrificium
327 2962 434 3025 laudis
450 2981 510 3044 pro
533 2980 568 3021 se
588 2961 721 3041 suisque
743 2960 899 3023 omnibus
922 2982 981 3042 pro
1004 2966 1232 3046 redemptione
1248 2971 1316 3031 ani-

114 3070 243 3113 marum
260 3068 394 3112 suarum
410 3068 471 3130 pro
486 3067 545 3129 spe
560 3047 676 3109 salutis
691 3055 725 3109 et
741 3046 976 3110 incolomitatis
996 3070 1074 3113 suae
1090 3053 1148 3115 tibi
1173 3055 1317 3119 reddunt

114 3148 193 3201 uota
208 3158 270 3200 sua
284 3146 420 3199 aeterno
435 3136 500 3199 deo
516 3135 594 3196 uiuo
609 3143 643 3196 et
659 3154 745 3196 uero.

155 3224 451 3289 Communicantes
466 3232 499 3283 et
516 3221 710 3283 memoriam
727 3231 930 3283 uenerantes,
977 3223 1132 3303 Inprimis
1154 3227 1317 3307 gloriosae

111 3330 244 3393 semper
270 3310 406 3391 uirginis
423 3309 545 3371 mariae
560 3308 728 3388 genitricis
752 3308 900 3370 eiusdem
923 3309 977 3371 dei
1005 3321 1038 3372 et
1062 3312 1187 3376 domini
1213 3320 1316 3381 nostri

114 3400 183 3461 iesu
206 3398 329 3460 christi.
345 3396 403 3459 sed
426 3405 460 3457 et
484 3394 658 3457 beatorum
675 3394 901 3477 apostolorum
918 3415 956 3457 ac
974 3408 1157 3479 martyrum
1183 3412 1315 3466 tuorum

117 3484 203 3549 l’etri
233 3484 326 3547 Pauli
350 3482 509 3546 Andreae
539 3483 650 3544 lacobi
686 3481 842 3543 Iohannis
868 3481 1000 3559 Thome
1029 3484 1139 3547 lacobi
1174 3488 1315 3573 Philippi

115 3570 340 3635 Bartholomei
358 3570 485 3633 mathei
502 3568 661 3651 Symonis
677 3570 725 3651 let
743 3569 854 3631 taddei
873 3569 948 3631 Lini
977 3570 1062 3633 Cleti
1089 3574 1162 3637 Cle·
1191 3574 1247 3659 [lo
1266 3582 1317 3641 28.

114 3660 235 3723 mentis
252 3656 353 3741 Syxti
370 3657 514 3722 Cornelii
531 3656 688 3737 Cypriani
707 3656 875 3717 Laurentii
893 3655 1090 3739 Chrisogoni
1110 3662 1266 3725 Iohannis
1282 3679 1316 3729 et

114 3746 202 3827 pauli
230 3744 355 3811 Cosme
377 3756 410 3807 et
438 3743 584 3806 damiani
602 3742 736 3822 Georgii
765 3742 936 3805 Benedicti
963 3744 1098 3807 Martini
1116 3748 1264 3831 Gregorii
1283 3765 1315 3816 et

112 3830 1315 3914 omniumsanctorumtuorumquorummeritispraecibusqueconcedas.

112 3930 149 3983 ut
165 3920 198 3981 in
222 3918 377 3981 omnibus
399 3918 614 3999 protectionis
638 3926 714 3977 tuae
739 3917 927 3978 muniamur
949 3920 1075 3981 auxilio
1098 3942 1156 4002 per
1171 3928 1314 3989 eundem

110 4006 270 4070 christum
284 4005 458 4069 dominum
472 4014 630 4067 nostrum.

158 4094 258 4157 Hane
289 4092 389 4174 igitur
417 4090 622 4155 oblationem
660 4090 829 4151 seruitutis
860 4101 992 4153 nostrae
1023 4095 1080 4155 scd
1112 4106 1145 4158 ct
1176 4110 1316 4164 cunctae

114 4178 259 4244 familiae
288 4188 366 4242 tuac
391 4198 572 4260 quesumus
597 4176 733 4239 domine
757 4185 794 4237 ut
826 4175 975 4256 placatus
1006 4182 1148 4262 accipias
1179 4186 1315 4268 diesque

112 4278 242 4331 nostros
258 4266 291 4328 in
308 4276 365 4329 tua
381 4286 463 4347 pace
478 4266 635 4346 disponas
659 4274 760 4344 atque
784 4263 826 4324 ab
850 4274 985 4326 aeterna
1000 4267 1239 4350 dampnatione
1256 4297 1316 4337 nos

109 4356 191 4437 eripi
206 4364 241 4417 et
256 4354 289 4417 in
306 4352 485 4417 electorum
502 4362 635 4415 tuorum
653 4350 766 4413 iubeas
781 4370 882 4433 grege
898 4356 1070 4417 numerari.
1083 4377 1141 4436 per
1157 4359 1314 4425 christum

111 4442 286 4505 dominum
303 4450 462 4504 nostrum.

154 4528 266 4611 Quam
281 4526 486 4591 oblationem
502 4536 538 4589 tu
554 4526 636 4589 deus
648 4524 680 4587 in
692 4524 847 4587 omnibus
860 4544 1040 4607 quesumus
1056 4542 1085 4598 ÷
1105 4530 1315 4599 benedictam
