3038 5106
457 353 545 406 NON.
576 354 659 405 FEB.
688 352 776 404 NAT.
807 356 834 405 S.
864 354 1055 407 AGATHAE.

658 528 839 608 Praefatio.

194 645 244 708 (D
282 653 415 706 aeterne
440 643 529 705 deus.
577 642 615 704 ln
641 642 851 705 exultatione
884 644 1061 726 praecipue
1092 646 1362 729 sollempnitatis

150 731 336 794 hodiernae.
353 731 385 791 in
402 749 469 811 qua
484 739 677 791 coaeternus
701 728 760 792 tibi
789 727 874 793 filius
890 741 967 794 tuus
983 732 1172 813 unigenitus
1187 734 1220 797 in
1239 748 1359 799 nostra

151 829 248 882 natus
273 817 466 879 substantia.
492 836 512 877 a
539 816 732 896 parentibus
761 816 858 898 legali
890 817 1068 881 traditione
1092 819 1289 901 deportatur
1322 825 1355 886 in

150 904 320 986 templum.
378 903 472 965 ldem
496 901 684 984 legislator
707 912 741 965 et
765 914 878 967 custos
900 906 1104 987 praecipiens
1127 918 1161 970 et
1182 909 1356 973 obediens.

152 992 256 1055 Diues
279 991 311 1052 in
335 1012 404 1053 suo.
420 1010 547 1071 pauper
570 989 602 1051 in
632 1000 751 1052 nostro.
770 990 833 1053 Par
856 1001 1022 1055 turturum
1047 993 1099 1055 uel
1126 994 1210 1057 duos
1242 997 1360 1078 pullos

151 1078 390 1142 columbarum.
421 1078 480 1138 uix
511 1075 631 1139 sufficit
663 1075 822 1140 sacrificio
852 1078 935 1140 caeli
977 1089 1128 1161 terreque
1170 1103 1354 1163 possessor.

152 1165 320 1229 Grandeui
343 1164 512 1245 symeonis
536 1163 689 1225 inualidis
714 1175 863 1245 gestatur
889 1166 921 1227 in
948 1167 1100 1230 manibus
1116 1188 1135 1230 a
1150 1189 1217 1250 quo
1235 1173 1355 1234 mundi

151 1263 257 1315 rector
272 1262 304 1315 et
321 1252 476 1314 dominus
493 1247 706 1333 pradicatur.l
750 1251 893 1315 Accedit
917 1253 1017 1315 etiam
1041 1254 1210 1318 oraculum
1228 1257 1356 1323 uiduae

150 1338 366 1402 testificantis
394 1338 552 1420 quoniam
578 1338 718 1400 decebat
742 1338 785 1400 ab
813 1349 953 1420 utroque
983 1360 1067 1404 sexu
1098 1342 1357 1407 adnuntiaretur

151 1427 321 1508 utriusque
359 1425 512 1488 saluator.
550 1443 648 1506 quem
688 1423 824 1487 laudant
856 1426 964 1508 angeli
997 1424 1126 1511 [¹atque
1160 1429 1354 1515 archangeli

150 1513 319 1576 cherubim
351 1532 484 1593 quoque
513 1531 552 1573 ac
579 1510 753 1592 seraphim.
777 1512 833 1593 qui
867 1532 933 1575 non
968 1526 1099 1577 cessant
1130 1517 1254 1580 cotidie
1285 1539 1354 1582 una

149 1621 231 1665 uoce
247 1599 389 1663 clamare
400 1595 570 1682 dicentes]

605 1717 668 1780 Ad
678 1719 902 1799 complendum.

196 1833 386 1916 Quesumus
403 1833 537 1895 domine
561 1832 643 1893 deus
667 1842 779 1895 noster
802 1843 838 1895 ut
863 1844 1073 1897 sacrosancta
1090 1838 1250 1916 mysteria
1266 1858 1354 1919 quae

151 1941 212 2004 pro
228 1921 444 2002 reparationis
469 1928 600 1980 nostrae
618 1920 801 1981 munimine
816 1920 991 1983 contulisti.
1009 1922 1236 1987 intercedente
1252 1925 1352 1988 beata

151 2028 282 2091 semper
298 2007 424 2088 uirgine
442 2005 544 2068 maria
560 2015 593 2067 et
610 2025 765 2087 praesens
789 2006 884 2068 nobis
908 2009 1092 2072 remedium
1109 2030 1182 2072 esse
1199 2009 1301 2075 facias
1317 2023 1348 2076 et

151 2094 307 2159 futurum.
323 2114 389 2176 per.

627 2204 690 2267 Ad
701 2217 875 2286 uesperum.

199 2317 322 2382 Perfice
339 2319 371 2379 in
389 2317 484 2380 nobis
500 2336 681 2398 quesumus
697 2317 831 2380 domine
849 2327 886 2379 ut
898 2322 1019 2398 supra.²

357 2503 451 2566 Nou.
477 2503 585 2565 Fnssn.
610 2501 766 2563 Narrate
790 2501 966 2565 Saserna
990 2503 1163 2569 Acarna.

197 2618 289 2679 Deus
309 2617 364 2697 qui
383 2616 467 2677 inter
483 2624 591 2676 cetera
619 2613 788 2694 potentiae
804 2622 881 2675 tuae
904 2616 1062 2678 miracula
1084 2618 1185 2681 etiam
1207 2619 1240 2681 in
1266 2641 1350 2683 sexu

152 2704 258 2785 fragili
287 2703 458 2765 uictoriam
489 2700 636 2782 martyrii
660 2700 840 2762 contulisti.
856 2703 1001 2764 concede
1026 2705 1190 2784 propitius
1206 2717 1243 2769 ut
1259 2708 1349 2769 cuius

153 2791 307 2853 natalicia
323 2790 468 2851 colimus.
487 2809 545 2869 per
560 2789 630 2849 eius
646 2788 688 2848 ad
706 2796 738 2848 te
754 2789 911 2868 exempla
926 2790 1124 2869 gradiamur.
1142 2813 1209 2872 per.

682 2918 819 2981 Secreta.

197 3028 336 3108 Suscipe
350 3045 485 3087 munera
501 3024 636 3086 domine
653 3043 738 3103 quae
755 3023 786 3083 in
804 3023 921 3085 beatae
938 3024 1080 3104 agathae
1090 3024 1190 3105 lmar-
1206 3028 1262 3109 [se.
1284 3045 1351 3109 115.

152 3115 235 3195 tyris
258 3124 334 3176 tuae
357 3111 604 3191 sollempnitate
628 3109 812 3171 deferimus.
838 3110 929 3172 cuius
950 3132 1010 3172 nos
1026 3112 1224 3177 confidimus
1241 3126 1348 3199 patro-

152 3202 239 3263 cinio
256 3201 391 3263 liberari.
409 3219 474 3279 per.

672 3312 852 3394 Prncfiztzb.

196 3425 245 3487 (D
283 3443 341 3504 per
378 3421 536 3483 christum
576 3419 748 3481 dominum
781 3430 938 3482 nostrum.
1001 3422 1064 3485 Pro
1094 3424 1187 3486 cuius
1217 3427 1352 3489 nomine

153 3530 332 3593 poenarum
365 3508 547 3587 mortisque
578 3515 816 3586 contemptum.
849 3508 880 3569 in
913 3518 1053 3589 utroque
1084 3530 1168 3572 sexu
1201 3510 1347 3575 fidelium

152 3598 278 3661 cunctis
294 3594 459 3658 aetatibus
475 3593 652 3655 contulisti.
694 3593 741 3655 Ut
758 3594 841 3654 inter
858 3593 1002 3656 fidelium
1021 3606 1204 3678 martyrum
1222 3600 1351 3680 palmas

152 3683 295 3767 agathen
323 3702 456 3763 quoque
480 3680 706 3742 beatissimam
736 3680 896 3759 uirginem
922 3682 1048 3744 uictrici
1074 3684 1235 3763 patientia
1257 3706 1350 3748 coro-

152 3792 254 3835 nares.
286 3770 384 3850 quae3
416 3769 513 3829 minis
544 3768 664 3829 territa.
692 3785 751 3828 nec
779 3767 949 3848 suppliciis
973 3780 1128 3846 superata
1155 3771 1197 3833 de
1225 3772 1349 3835 diaboli

151 3859 289 3921 saeuitia
306 3854 530 3937 triumphauit.
548 3854 626 3935 quia
644 3854 674 3914 in
693 3863 769 3915 tuae
786 3854 919 3915 deitatis
935 3855 1141 3918 consessione
1165 3862 1348 3939 permansit

152 3958 185 4009 et
202 3946 284 4008 ideo

185 4064 192 4095 ¹
211 4066 266 4114 The
278 4064 359 4112 words
368 4062 393 4110 in
407 4061 520 4109 brackets
531 4077 572 4109 are
584 4060 666 4108 added
678 4059 703 4109 in
716 4060 757 4109 the
770 4060 865 4124 margin
877 4061 910 4124 by
921 4063 1025 4111 another
1037 4064 1112 4113 hand.

184 4137 194 4163 ²
212 4132 266 4180 The
279 4129 402 4178 reference
419 4128 440 4174 is
458 4143 490 4173 no
508 4127 585 4174 doubt
599 4136 624 4174 to
637 4126 679 4174 the
691 4125 743 4173 leal
751 4125 830 4173 which
843 4126 887 4174 has
899 4128 962 4175 been
980 4128 1027 4176 lost
1048 4129 1161 4178 between
1182 4130 1214 4179 lo,
1239 4143 1283 4193 113
1301 4131 1349 4179 and

152 4199 184 4247 lo.
203 4211 255 4254 114.
292 4195 347 4243 The
366 4192 454 4241 collect
467 4192 488 4239 is
500 4201 563 4239 most
576 4191 697 4254 probably
709 4191 761 4238 that
775 4190 854 4238 which
872 4207 976 4254 appears
987 4208 1015 4240 as
1026 4195 1071 4241 Ad
1079 4196 1212 4257 poprclmu,
1230 4197 1280 4244 and
1297 4198 1348 4244 also

152 4265 177 4313 in
190 4264 232 4312 the
244 4263 306 4310 lnrm
319 4259 355 4307 lor
368 4256 476 4320 blessing
488 4257 530 4305 the
542 4256 651 4313 candles,
665 4255 690 4304 in
702 4256 744 4304 the
758 4254 854 4303 Leolric
867 4256 954 4304 blissal
967 4259 1019 4320 (pp.
1038 4269 1078 4317 70,
1098 4262 1165 4320 204),
1187 4277 1215 4309 as
1232 4262 1346 4309 follows:

153 4327 268 4378 “l‘erlice
280 4326 304 4375 in
317 4323 397 4381 nobis,
411 4337 553 4386 quesumus,
566 4320 677 4377 domine,
689 4320 793 4384 gratiam
806 4328 883 4378 tuam,
896 4321 938 4384 qui
951 4321 1007 4370 iusti
1016 4324 1141 4385 symeonis
1149 4327 1346 4389 expectationem

152 4393 269 4459 implesti,
283 4400 307 4440 et
323 4389 385 4439 sicut
397 4387 439 4437 ille
450 4396 556 4435 mortem
568 4402 618 4434 non
631 4385 700 4441 uidit,
716 4384 856 4448 priusquam
867 4385 987 4434 christum
998 4387 1127 4438 dominum
1140 4400 1252 4439 nostrum
1264 4390 1346 4440 uidere

152 4468 293 4515 mereretur,
307 4456 342 4505 ita
353 4462 377 4504 et
389 4469 435 4502 nos
446 4452 522 4501 uitam
535 4451 691 4501 obtineamus
702 4459 835 4498 aeternam.
852 4450 897 4499 Per
909 4450 1043 4500 eundem.”

185 4525 195 4557 ³
211 4525 262 4573 Nec
273 4520 378 4571 omitted
389 4518 415 4568 in
428 4518 484 4569 lllS.
