3038 5106
232 365 278 417 118
536 368 653 418 FERIA
672 368 711 419 II.
730 368 828 419 POST
840 367 1125 418 PENTECOSTEN.

717 544 914 630 lPraefatio.
1282 542 1340 628 [lo.
1358 544 1377 607 8
1382 558 1433 624 5v.

273 658 322 723 (D
346 678 404 740 per
428 656 587 721 christum
614 658 787 723 dominum
815 670 973 723 nostrum.
1028 656 1095 740 Qui
1121 659 1305 722 ascendens
1330 677 1433 740 super

229 765 345 807 omnes
361 746 477 808 caelos,
495 747 680 830 sedensque
696 748 738 810 ad
755 747 930 810 dexteram
943 756 1044 809 tuam.
1061 746 1259 827 promissum
1272 745 1430 827 spiritum

229 841 381 895 sanctum
398 832 558 895 hodierna
580 834 634 896 die
659 835 691 895 in
718 832 802 896 filios
827 833 1017 916 adoptionis
1040 831 1165 895 effudit.
1212 832 1432 915 Quapropter

229 919 370 1001 profusis
387 921 517 1002 gaudiis
534 931 624 984 totus
641 921 673 982 in
690 919 770 983 orbe
785 931 946 983 terrarum
964 920 1106 982 mundus
1121 918 1260 982 exultat
1308 918 1377 983 Sed
1396 928 1431 981 et

227 1026 390 1088 supernae
420 1008 558 1070 uirtutes
589 1017 689 1088 atque
719 1007 888 1088 angelicae
918 1016 1102 1090 potestates
1131 1026 1272 1089 ymnum
1298 1005 1431 1088 gloriae

226 1102 304 1155 tuae
320 1095 506 1156 concinunt.
522 1095 593 1157 sine
609 1094 674 1157 fine
685 1094 842 1157 dicentes.

674 1231 773 1311 Infra
788 1232 950 1294 actionem.

272 1341 567 1406 Communicantes
597 1353 631 1408 et
661 1345 750 1407 diem
788 1344 1047 1407 sacratissimum
1080 1350 1289 1427 pentecostes
1321 1342 1431 1404 caele·

227 1429 361 1579 brqintes
377 1429 478 1512 quos†
494 1432 627 1512 spiritus
643 1441 778 1494 sanctus
794 1432 954 1514 apostolis
965 1432 997 1494 in
1009 1432 1108 1494 uariis
1126 1429 1245 1512 linguis
1261 1429 1430 1512 apparuit.

228 1516 272 1581 Se
311 1527 344 1580 et
362 1518 566 1581 memoriam.

769 1638 861 1702 Item.

272 1750 370 1812 Hanc
401 1751 501 1832 igitur
530 1750 732 1813 oblationem
764 1751 933 1814 seruitutis
964 1760 1105 1814 nostrae.
1131 1751 1189 1812 sed
1220 1759 1254 1812 et
1284 1758 1429 1812 cunctae

228 1836 371 1899 familiae
416 1848 493 1900 tuae
531 1857 631 1919 quam
670 1837 729 1900 tibi
767 1837 944 1900 offerimus.
984 1858 1044 1919 pro
1081 1838 1132 1900 his
1170 1856 1304 1919 quoque
1340 1854 1429 1917 quos

226 1943 419 2005 regenerare
435 1925 592 2006 dignatus
609 1946 644 1986 es
670 1945 714 1987 ex
738 1945 825 2007 aqua
851 1934 884 1987 et
908 1925 1026 2007 spiritu
1054 1934 1177 1987 sancto.
1204 1924 1353 1987 tribuens
1379 1924 1429 1986 eis

225 2012 451 2073 remissionem
468 2012 616 2075 omnium
633 2022 852 2094 peccatorum.
869 2031 1048 2093 quesumus
1064 2012 1207 2075 domine.

683 2148 746 2212 Ad
756 2148 981 2230 complendum.

269 2259 383 2324 Sancti
409 2260 543 2342 spiritus
568 2260 704 2324 domine
730 2262 831 2324 corda
856 2269 969 2322 nostra
996 2260 1134 2323 mundet
1162 2258 1293 2324 infusio.
1316 2269 1350 2324 et
1373 2261 1425 2324 sui

225 2349 306 2410 roris
323 2349 440 2411 intima
455 2348 646 2429 aspersione
663 2347 829 2410 secundet.
846 2368 905 2429 per
919 2348 1102 2411 dominum.

736 2562 855 2626 Fami
880 2563 924 2627 11.

269 2690 361 2753 Deus
388 2691 444 2772 qui
472 2691 632 2773 apostolis
657 2693 722 2754 tuis
752 2703 904 2754 sanctum
936 2693 1057 2756 dedisti
1088 2693 1249 2774 spiritum.
1277 2692 1422 2754 concede

225 2776 313 2859 plebi
339 2789 424 2840 tuae.
451 2780 524 2860 piae
550 2781 719 2860 petitionis
751 2778 914 2841 eflectum.
941 2791 976 2843 ut
1007 2780 1126 2861 quibus
1157 2780 1279 2842 dedisti
1312 2778 1423 2841 fidem.

225 2864 373 2945 largiaris
389 2875 422 2928 et
438 2886 562 2947 pacem.
580 2886 638 2948 per
654 2867 825 2929 dominum
844 2878 1001 2930 nostrum.

744 3001 883 3068 Secreta.

269 3113 435 3195 Propitius
462 3115 597 3177 domine
623 3134 803 3196 quesumus
828 3115 909 3177 haec
936 3116 1026 3178 dona
1049 3114 1226 3177 sanctifica.
1243 3122 1276 3177 et
1293 3114 1424 3177 hostiae

225 3201 381 3282 spiritalis
411 3202 580 3263 oblatione
611 3213 772 3284 suscepta.
805 3203 1027 3283 nosmetipsos
1058 3202 1118 3265 tibi
1150 3201 1270 3284 perfice
1302 3222 1424 3264 munus

224 3299 403 3350 aeternum.
421 3309 479 3369 per
494 3289 676 3351 dominum.

727 3416 910 3496 Praefatio.

269 3529 318 3590 tt)
342 3549 400 3609 per
416 3528 573 3591 christum
585 3529 757 3591 dominum
772 3533 928 3591 nostrum.
975 3527 1040 3610 Qui
1057 3529 1255 3611 promissum
1268 3527 1422 3609 spiritum

226 3615 434 3696 paraclytum
460 3636 559 3698 super
583 3616 763 3698 discipulos
789 3617 885 3678 misit.
911 3615 966 3696 qui
998 3617 1030 3676 in
1062 3616 1223 3696 principio
1255 3616 1424 3676 nascentis

224 3702 403 3764 aecclesiae
420 3703 546 3765 cunctis
562 3704 716 3784 gentibus
734 3701 935 3784 imbuensdis
959 3711 993 3764 et
1018 3703 1150 3764 deitatis
1176 3703 1280 3763 scien·
1297 3699 1354 3782 [fo.
1372 3702 1422 3764 86.

224 3790 304 3851 tiam
350 3789 516 3852 indiceret.
555 3800 587 3852 ct
634 3790 820 3871 linguarum
866 3790 1092 3851 diuersitatem
1138 3789 1170 3849 in
1208 3789 1305 3849 unius
1343 3786 1423 3850 fidei

223 3875 430 3938 consessione
460 3877 608 3940 sociaret.
662 3877 723 3938 Per
753 3896 852 3957 quem
883 3884 975 3938 tuam
1008 3876 1213 3936 maiestatem
1252 3875 1423 3956 supplices

223 3984 400 4025 exoramus
431 3972 466 4025 ut
497 3965 588 4026 cuius
628 3963 854 4026 caelebramus
895 3965 1085 4026 aduentum.
1120 3962 1190 4042 ejus
1221 3962 1423 4039 multimode

222 4052 349 4130 gratiae
365 4052 535 4132 capiamus
551 4050 715 4113 effectum.
733 4060 766 4113 et
782 4050 868 4113 ideo.

265 4138 565 4201 Communicantes.

266 4225 364 4287 Hauc
381 4225 481 4306 igitur
496 4235 653 4305 utsupra.

668 4351 731 4415 Ad
741 4349 968 4433 complendum.

263 4465 394 4528 Adesto
424 4464 559 4527 domine
588 4484 767 4545 quesumus
805 4458 929 4543 populo
959 4469 1025 4522 tuo.
1056 4467 1090 4522 et
1119 4479 1219 4540 quem
1250 4462 1422 4543 mysteriis

219 4551 416 4617 caelestibus
432 4552 588 4615 imbuisti.
605 4553 648 4615 ab
663 4552 809 4615 hostium
825 4548 933 4611 lurore
948 4545 1099 4610 defende.
1116 4566 1182 4629 per.
