3038 5106
546 340 597 391 IN
621 340 699 391 CAP.
729 340 882 393 IEIUNII.
918 341 1098 395 SABBATO.

682 587 791 670 Super
796 586 959 671 populum.

271 716 474 780 Inclinantes
495 737 531 779 se
553 716 689 780 domine
712 717 878 780 maiestati
901 727 979 782 tuae
1001 719 1203 803 propitiatus
1226 721 1373 787 intende.
1391 734 1429 788 ut

224 805 280 886 qui
310 804 426 868 diuino
456 824 592 868 munere
614 814 692 867 sunt
715 802 836 870 refecti.
860 805 1060 871 caelestibus
1082 828 1214 891 semper
1236 811 1430 875 nutriantur

224 891 369 955 auxiliis.
386 911 446 976 per
460 891 645 955 dominum.

734 1057 854 1120 Fumi
870 1057 911 1122 V.

268 1198 361 1261 Deus
373 1197 429 1279 qui
445 1197 543 1279 culpa
566 1195 744 1259 offenderis
767 1197 974 1278 poenitentia
989 1197 1130 1281 placaris
1153 1220 1288 1284 praeces
1311 1201 1430 1285 populi

224 1287 272 1348 tui
302 1284 520 1368 supplicantis
551 1284 683 1365 respice.
707 1294 740 1345 et
764 1282 897 1365 flagella
920 1294 998 1347 tuae
1028 1285 1226 1351 iracundiae.
1249 1309 1335 1370 quae
1368 1311 1430 1371 pro

224 1373 368 1454 peccatis
381 1373 501 1434 nostris
518 1390 683 1434 meremur
696 1369 831 1454 lauerte.
848 1391 908 1453 per
922 1372 1096 1436 dominum
1112 1385 1270 1438 nostrum.
1288 1374 1343 1457 [so
1354 1394 1429 1455 42v.

758 1515 894 1580 Secreta.

268 1629 443 1695 Sacrificiis
474 1630 702 1713 praesentibus
726 1629 861 1693 domine
891 1649 1072 1711 quesumus
1105 1632 1241 1695 intende
1264 1632 1426 1715 placatus.

223 1727 260 1780 ut
276 1728 310 1781 ct
326 1719 495 1781 deuotioni
512 1727 645 1781 nostrae
660 1715 836 1799 proficiant
851 1725 885 1779 et
900 1716 1006 1780 saluti.
1023 1739 1083 1800 per
1098 1719 1279 1784 dominum.

677 1868 708 1931 A
712 1868 739 1930 d
749 1865 975 1949 complendum.

267 1978 427 2043 Caelestis
443 1980 522 2043 doni
545 1979 776 2043 benedictione
792 1988 956 2062 percepta.
972 1979 1140 2062 supplices
1156 1990 1189 2043 te
1211 1979 1294 2043 deus
1317 1981 1426 2043 omni-

224 2079 343 2148 potens
359 2067 604 2148 depraecamur.
621 2077 657 2130 ut
674 2067 737 2130 hoc
753 2067 842 2130 idem
859 2066 957 2129 nobis
980 2077 1014 2130 et
1036 2068 1234 2130 sacramenti
1258 2088 1358 2131 causa
1381 2069 1425 2131 sit

223 2165 258 2216 et
274 2152 400 2229 saluti.†
415 2174 474 2237 per
489 2155 672 2217 dominum.

684 2365 802 2428 Fenm
819 2364 955 2429 Sexrri.

268 2502 428 2566 inchoata
441 2503 561 2565 ieiunia
576 2520 756 2584 quesumus
773 2501 909 2564 domine
925 2501 1070 2584 benigno
1087 2499 1201 2564 fauore
1214 2521 1422 2583 prosequere.

222 2600 259 2652 ut
274 2589 519 2652 obseruantiam
536 2610 636 2670 quam
661 2589 876 2670 corporaliter
898 2588 1104 2651 exhibemus.
1130 2588 1297 2652 mentibus
1320 2591 1422 2653 etiam

222 2677 356 2740 sinceris
372 2698 527 2740 exercere
543 2676 722 2738 ualeamus.
739 2695 798 2757 per
812 2677 995 2739 dominum.

753 2828 892 2892 Secreta.

266 2943 471 3010 Sacrificium
488 2942 623 3006 domine
646 2941 879 3004 obseruantiae
903 2941 1068 3024 paschalis
1091 2940 1268 3005 offerimus,
1293 2953 1425 3025 praesta

220 3053 400 3114 quesumus
417 3041 452 3093 ut
476 3041 508 3092 et
532 3031 590 3092 tibi
616 3040 744 3092 mentes
768 3039 898 3091 nostras
922 3029 1039 3091 reddat
1063 3039 1224 3110 acceptas.
1242 3041 1275 3092 et
1292 3032 1421 3094 contin-

219 3120 329 3181 entiae
367 3117 578 3200 promptioris
617 3116 712 3179 nobis
750 3115 875 3179 tribuat
908 3115 1109 3178 facultatem.
1147 3136 1207 3197 per
1244 3116 1420 3180 dominum

222 3215 380 3268 nostruin.

676 3323 738 3385 Ad
745 3323 971 3404 complendum.

265 3437 426 3518 Spiritum
451 3435 547 3497 nobis
577 3433 712 3496 domine
736 3444 812 3496 tuae
844 3434 989 3496 caritatis
1014 3432 1159 3498 infunde.
1187 3443 1224 3496 ut
1240 3454 1324 3515 quos
1356 3456 1422 3498 uno

220 3524 352 3587 caelesti
366 3543 452 3605 pane
468 3522 603 3584 satiasti.
620 3532 678 3584 tua
694 3521 795 3584 iacias
811 3522 936 3603 pietate
951 3522 1140 3585 concordes
1165 3541 1224 3605 per
1247 3523 1420 3585 dominum

222 3621 379 3674 nostrum.

678 3729 785 3810 Super
793 3729 958 3811 populum.

263 3843 372 3905 Tuere
387 3842 522 3905 domine
534 3840 694 3923 populum
711 3851 804 3904 tuum
821 3852 854 3904 et
870 3840 914 3903 ab
929 3840 1086 3904 omnibus
1110 3840 1255 3923 peccatis
1277 3840 1421 3906 clemen·

220 3941 270 3994 ter
285 3929 438 3992 emunda.
454 3930 531 4011 quia
545 3929 635 3991 nulla
646 3929 675 3991 ei
693 3928 826 3991 nocebit
850 3929 1043 3991 aduersitas.
1068 3929 1094 3990 si
1119 3927 1209 3990 nulla
1231 3927 1421 3992 dominetur

221 4018 384 4099 iniquitas.
397 4036 464 4098 per.

732 4189 911 4257 Sensuro.

263 4328 515 4393 Obseruationis
538 4328 635 4391 huius
661 4345 773 4390 annua
802 4327 1015 4392 caelebritate
1046 4326 1208 4392 laetantes
1238 4348 1420 4410 quesumus

217 4418 353 4480 domine
369 4428 405 4479 ut
421 4414 632 4498 paschalibus
642 4413 828 4477 actionibus
842 4413 1037 4479 inherentes.
1048 4414 1154 4498 plenis
1165 4417 1234 4478 eius
1244 4415 1419 4495 affectibus

218 4504 433 4586 gaudeamus.
449 4523 508 4585 per
523 4500 696 4566 dominum
715 4511 874 4565 nostrum.
