3038 5106
149 335 195 399 164
356 335 432 389 VIII.
461 337 547 387 KAL.
576 336 694 387 MART.
727 336 772 387 CA
779 336 934 387 THEDRA
966 334 995 387 S.
1025 332 1150 385 PETRI.

603 504 666 567 Ad
675 502 901 587 complendum.

197 604 249 669 Sit
273 605 369 669 nobis
396 607 530 669 domine
555 607 719 690 reparatio
744 607 864 669 mentis
888 615 922 669 et
941 605 1087 688 corporis
1113 603 1258 669 caeleste
1277 621 1353 684 my-

151 693 296 842 {terium
321 703 356 756 ut
379 693 472 756 cuius
495 695 693 777 exequimur
715 695 880 757 actionem
904 694 1085 757 sentiamus
1108 690 1275 754 eflectum.
1294 709 1355 772 per

175 780 323 843 ominum
339 790 498 844 nostrum.

151 948 682 1031 [x1111.Krn.Mrnr.Nnmm
704 951 880 1016 Sanciae
904 952 1091 1014 lunmnaa
1115 947 1356 1028 Manavnrsf]

198 1060 421 1143 Omnipotens
438 1063 638 1144 sempiterne
654 1064 735 1125 deus
751 1064 806 1144 qui
824 1061 953 1125 infirma
969 1063 1084 1125 mundi
1099 1061 1193 1143 eligis
1203 1069 1242 1122 ut
1254 1059 1356 1122 sortia

153 1168 305 1230 quaeque
320 1149 511 1213 confundas.
528 1150 571 1212 da
594 1150 690 1213 nobis
707 1151 738 1212 in
757 1150 935 1212 iestiuitate
950 1158 1086 1212 sanctae
1103 1147 1258 1229 martyris
1273 1155 1357 1208 tuae

154 1234 297 1298 iulianae
320 1256 466 1317 congrua
496 1236 674 1300 deuotione
705 1238 849 1318 gaudere
875 1248 908 1299 et
935 1246 973 1299 ut
999 1236 1182 1317 potentiam
1208 1243 1305 1296 tuam
1323 1233 1357 1294 in

153 1323 224 1385 eius
236 1322 390 1404 passione
407 1324 586 1386 laudemus
603 1334 635 1386 et
652 1325 821 1405 prouisum
838 1324 934 1386 nobis
950 1324 1169 1405 percipiamus
1180 1319 1357 1384 auxilium.

152 1428 219 1491 per.

686 1523 823 1586 Secreta.

202 1625 240 1686 In
256 1635 391 1688 sanctae
407 1627 560 1707 martyris
576 1636 652 1690 tuae
674 1626 816 1690 iulianae
831 1627 986 1709 passione
1002 1625 1153 1707 pretiosa
1170 1632 1204 1687 te
1219 1623 1359 1686 domine

158 1712 341 1774 mirabilem
384 1714 621 1794 praedicantes,
662 1733 798 1776 munera
837 1715 952 1776 uotiua
993 1714 1179 1776 deserimus.
1221 1720 1359 1792 praesta

155 1818 336 1880 quesumus
352 1809 388 1861 ut
403 1800 489 1862 sicut
504 1801 574 1862 eius
597 1800 657 1863 tibi
680 1811 776 1882 grata
798 1810 877 1862 sunt
900 1800 1024 1862 merita.
1044 1800 1090 1862 sic
1106 1808 1240 1861 nostrae
1255 1797 1360 1859 serui-

155 1886 236 1949 tutis
252 1897 388 1967 accepta
404 1888 585 1950 reddantur
599 1886 729 1969 [officia.
749 1908 807 1970 per
822 1888 1004 1950 dominum.
1187 1881 1245 1969 [so.
1266 1900 1359 1962 117v.

608 2008 672 2071 Ad
682 2006 907 2089 coemendum.

202 2104 362 2168 Libantes
389 2106 523 2169 domine
551 2126 663 2169 mense
693 2117 771 2170 tuae
795 2105 893 2169 beata
919 2106 1086 2187 mysteria
1112 2123 1294 2186 quesumus
1323 2112 1360 2165 ut

158 2202 293 2255 sanctae
316 2192 437 2269 iuliane
461 2194 615 2274 martyris
642 2204 718 2256 tuae
745 2193 1053 2256 interuentionibus.
1078 2201 1112 2254 et
1138 2189 1358 2272 temporalem

158 2279 254 2342 nobis
271 2280 527 2344 misericordiam
543 2280 669 2343 tribuas
684 2291 717 2344 et
733 2290 911 2343 aeternam.
927 2300 993 2361 per.

211 2463 288 2512 v111.
313 2450 406 2511 KnL.
432 2450 552 2512 Manu.
578 2449 786 2514 Crannona
810 2450 950 2513 Saucn
976 2450 1092 2512 Pane
1114 2448 1315 2511 Aeosuom.

204 2562 296 2623 Deus
312 2562 368 2642 qui
384 2560 484 2624 beato
500 2561 659 2643 apostolo.
676 2573 770 2644 petro
786 2562 925 2623 conlatis
942 2562 1089 2624 clauibus
1107 2560 1197 2642 regni
1208 2557 1361 2621 caelestis

160 2649 288 2711 animas
305 2649 428 2729 ligandi
445 2658 544 2729 atque
572 2650 722 2712 soluendi
748 2648 954 2731 pontificium
972 2649 1144 2711 tradidisti.
1161 2646 1308 2709 concede
1324 2654 1361 2707 ut

162 2737 403 2799 intercessionis
432 2736 501 2798 eius
532 2736 666 2800 auxilio.
697 2756 717 2798 a
747 2746 958 2817 peccatorum
998 2748 1184 2799 nostrorum
1216 2732 1360 2795 nexibus

162 2822 344 2886 liberemur.
361 2843 426 2903 per.

694 2936 832 2998 Secreta.

208 3039 400 3102 Aecclesiae
424 3048 501 3101 tuae
531 3058 711 3119 quesumus
742 3040 876 3103 domine
901 3059 1035 3122 praeces
1062 3047 1095 3101 et
1120 3036 1246 3098 hostias
1272 3035 1362 3097 beati

165 3127 249 3208 petri
274 3125 417 3206 apostoli
441 3126 489 3188 tui
514 3127 726 3188 commendet
750 3129 863 3189 oratio.
892 3138 929 3190 ut
953 3127 1043 3208 quod
1061 3145 1120 3207 pro
1145 3123 1232 3186 illius
1257 3121 1364 3203 gloria

164 3212 390 3276 caelebramus
407 3213 501 3275 nobis
517 3211 667 3294 proficiat
683 3214 725 3274 ad
743 3215 881 3277 ueniam.
899 3235 963 3296 per.

673 3327 853 3409 Praefatae.

213 3433 262 3495 (D
285 3440 418 3494 aeterne
441 3432 529 3493 deus.
577 3431 622 3493 Et
645 3442 678 3494 te
701 3433 835 3495 laudare
860 3432 1042 3496 mirabilem
1067 3432 1166 3492 deum
1191 3431 1223 3491 in
1241 3429 1365 3490 sanctis

169 3520 243 3582 tuis,
260 3519 292 3581 in
316 3518 435 3599 quibus
462 3518 663 3601 glorificatus
688 3540 723 3580 es
750 3521 972 3582 uehementer.
1020 3520 1081 3580 Per
1103 3537 1186 3597 quos
1203 3514 1366 3595 unigeniti

170 3608 216 3670 tui
234 3626 363 3668 sacrum
387 3626 505 3686 corpus
529 3626 680 3667 exornas
704 3616 737 3669 et
761 3608 791 3668 in
816 3607 936 3687 quibus
960 3605 1138 3668 aecclesiae
1154 3614 1231 3666 tuae
1247 3601 1366 3663 funda-

171 3702 283 3756 menta
307 3694 488 3755 constituis.
536 3692 646 3773 Quam
674 3694 706 3754 in
735 3692 928 3774 patriarchis
955 3692 1107 3755 fundasti.
1134 3692 1166 3752 in
1194 3688 1367 3772 prophetis

171 3780 373 3863 praeparasti
391 3781 422 3841 in
446 3780 604 3860 apostolis
627 3781 813 3842 condidisti.
860 3780 916 3841 Ex
939 3781 1059 3861 quibus
1083 3781 1216 3839 beatum
1234 3784 1367 3857 petrum

171 3866 396 3948 apostolorum
414 3868 604 3947 principem.
621 3867 665 3929 ob
681 3866 921 3929 consessionem
939 3867 1099 3947 unigeniti
1117 3864 1172 3926 filii
1190 3864 1238 3925 tui
1256 3883 1315 3944 per
1330 3882 1367 3922 os

170 3955 318 4016 eiusdem
330 3954 419 4016 uerbi
431 3954 477 4015 tui
494 3951 733 4016 confirmatum.
744 3954 777 4015 in
792 3953 1008 4016 fundamento
1020 3954 1139 4014 domus
1150 3961 1226 4013 tuae
1238 3957 1369 4011 mutato

172 4042 306 4103 nomine
328 4041 517 4103 caelestium
542 4040 767 4103 claustrorum.
784 4040 968 4121 praesulem
992 4041 1230 4117 custodemque
1254 4035 1369 4098 iecisti.

172 4128 286 4191 diuino
301 4128 330 4189 ei
348 4128 415 4188 iure
431 4147 588 4189 concesso
611 4137 647 4189 ut
663 4147 748 4208 quae
763 4129 933 4189 statuisset
951 4127 983 4188 in
1000 4127 1093 4188 terris
1109 4132 1320 4187 seruarentur
1336 4123 1367 4183 in

172 4216 279 4278 caelis
315 4213 416 4277 Cuius
428 4213 553 4275 honore
569 4214 621 4276 uel
638 4214 743 4295 gloria
758 4214 918 4277 hodierna
935 4214 1097 4275 maiestati
1115 4211 1207 4297 [tuae
1222 4209 1279 4292 [fo.
1300 4210 1369 4272 118.

173 4303 255 4365 haec
282 4301 365 4365 festa
386 4301 590 4384 percolimus
615 4311 648 4364 et
671 4302 851 4383 gratiarum
875 4321 913 4363 ac
933 4300 1040 4363 laudis
1056 4300 1200 4362 hostiam
1218 4296 1369 4360 immola·

175 4409 256 4454 mus
273 4410 332 4473 per
346 4389 513 4452 christum.

368 4502 375 4536 ¹
393 4507 448 4557 The
459 4506 568 4572 heading
579 4506 609 4556 oi
622 4507 664 4558 the
674 4505 803 4570 following
814 4522 879 4556 mass
890 4506 935 4556 has
945 4506 1009 4555 been
1021 4506 1115 4556 erased.
