3038 5106
155 339 201 391 182
303 342 378 393 VIII.
408 342 492 393 ΚΑΛ
522 342 597 395 101.
623 342 796 397 NATIUIT.
824 345 853 396 S.
883 346 1077 399 IOHANNIS
1100 347 1215 400 BAPT.

602 512 665 577 Ad
672 514 899 596 complendum

198 610 403 676 Caelestibus
440 614 549 677 satiati
587 616 803 678 sacramentis
839 614 1103 681 clementissime
1142 620 1231 684 deus
1268 629 1351 683 tuam

155 700 365 779 deposcimus
381 700 647 763 munificentiam.
664 712 701 763 ut
726 722 784 783 per
808 702 1034 767 interuentum
1058 716 1202 769 sanetae
1226 709 1356 789 uirginis

155 785 413 931 iaetheldrythae
429 798 583 850 aeternae
603 787 820 851 beatitudinis
842 789 1005 854 beneficia
1028 791 1225 874 poscimus†
1246 815 1356 877 capere

167 892 303 953 argrora.
320 894 385 955 per.

621 995 683 1057 Ad
693 1006 867 1077 uesperum.

200 1098 339 1179 Protege
363 1118 541 1178 quesumus
567 1098 805 1180 benignissime
832 1100 914 1162 deus
943 1100 1098 1164 famulos
1129 1111 1214 1166 tuae
1242 1105 1360 1168 dicioni

153 1185 280 1246 ¹sincera
316 1185 496 1247 deuotione
533 1185 691 1249 subditos
722 1196 757 1248 et
788 1206 848 1267 per
876 1187 1022 1269 gloriosa
1048 1200 1192 1252 sanctae
1224 1192 1361 1274 uirginis

154 1272 271 1334 merita
285 1273 378 1334 cuius
393 1271 557 1345 annuam†
568 1273 794 1335 caelebramus
806 1273 936 1337 festum.
953 1275 1094 1357 dignare
1107 1278 1252 1358 propria
1269 1279 1361 1341 nobis

154 1356 267 1420 laxare
292 1360 438 1422 crimina.
461 1371 494 1421 et
522 1380 608 1421 neuo
633 1359 816 1421 facinorum
841 1360 996 1442 expulso,
1012 1362 1055 1424 ad
1084 1362 1181 1425 illam
1207 1366 1363 1430 caelestis

152 1446 278 1524 patriae
289 1466 442 1508 reuocare
458 1446 697 1509 beatitudinem
719 1447 808 1509 unde
818 1448 986 1510 existendi
1002 1450 1175 1513 traximus
1187 1453 1363 1534 originem.

152 1551 216 1611 per.

240 1717 376 1779 Eonuu
401 1717 474 1779 Dua
500 1717 654 1781 Ursum
678 1716 820 1780 Saucrr
847 1717 1037 1781 louauurs
1062 1718 1294 1786 Barrrsrars.

198 1839 331 1901 Praesta
346 1858 526 1918 quesumus
547 1838 759 1921 omnipotens
775 1838 856 1900 deus
882 1848 919 1901 ut
944 1837 1071 1901 familia
1098 1849 1160 1903 tua
1185 1863 1251 1924 per
1275 1846 1364 1908 uiam

151 1926 267 1987 salutis
295 1926 434 1988 incedat.
459 1936 493 1988 et
517 1924 606 1987 beati
632 1924 784 1987 iohannis
813 1926 1035 2007 praecursoris
1061 1936 1263 1993 ortamenta
1298 1952 1366 1995 sec·

150 2014 261 2075 tando
279 2015 320 2076 ad
337 2033 412 2074 eum
429 2032 529 2092 quem
545 2012 712 2094 praedixit
726 2031 840 2074 secura
858 2014 1038 2094 perueniat
1054 2033 1121 2095 per.

670 2132 806 2195 Secreta.

197 2235 336 2298 Munera
361 2237 495 2299 domine
521 2234 635 2299 oblata
664 2234 836 2297 sanctifica
865 2238 912 2311 etl
945 2235 1174 2300 intercedente
1203 2239 1264 2321 [so.
1296 2257 1363 2323 130.

151 2323 250 2385 beato
274 2323 417 2386 iohanne
441 2323 594 2405 baptista
621 2342 683 2384 nos
708 2342 766 2403 per
786 2321 867 2385 haec
891 2341 911 2384 a
932 2334 1146 2405 peccatorum
1164 2339 1362 2392 nostrorum

152 2411 289 2473 maculis
305 2411 458 2474 emunda
474 2431 540 2492 per.

638 2528 818 2604 Praefatt'o.

197 2636 246 2699 (D
265 2646 398 2698 aeterne
417 2636 508 2696 deus
554 2632 764 2695 Exhibentes
789 2632 973 2714 sollempne
996 2634 1154 2697 ieiunium
1172 2656 1244 2717 quo
1269 2639 1358 2703 beati

154 2722 305 2784 iohannis
328 2722 493 2803 baptistae
519 2721 674 2782 natalicia
699 2721 938 2801 praeuenimus.
983 2721 1085 2784 Cuius
1118 2725 1255 2803 genitor
1277 2727 1357 2789 dum

153 2830 229 2870 eum
246 2810 377 2871 dubitat
395 2810 596 2870 nasciturum
614 2807 775 2869 sermonis
790 2807 901 2870 amisit
917 2806 1072 2871 officium.
1088 2817 1123 2869 et
1139 2830 1181 2872 eo
1197 2826 1358 2876 nascente

155 2907 186 2957 et
212 2898 371 2958 sermonis
403 2915 507 2957 usum.
539 2907 571 2956 et
603 2894 796 2974 prophetiae
827 2896 971 2977 suscepit
1001 2896 1137 2957 donum.
1184 2896 1358 2982 Cuiusque

155 2984 298 3063 genitrix
316 2982 407 3044 senio
423 2981 574 3043 confecta
590 2982 761 3043 sterilitate
786 2981 935 3043 multata.
954 2982 985 3043 in
1010 2981 1080 3044 eius
1103 2996 1272 3066 conceptu
1290 3007 1355 3048 non

154 3070 262 3132 solum
289 3070 495 3131 sterilitatem
524 3068 644 3131 amisit.
672 3066 910 3131 fecunditatem
938 3069 1129 3149 adquisiuit.
1160 3073 1220 3134 sed
1253 3074 1355 3136 etiam

154 3157 304 3236 spiritum
327 3168 478 3218 sanctum
495 3176 561 3236 quo
583 3165 721 3217 matrem
750 3156 877 3216 domini
902 3165 936 3218 et
959 3157 1133 3218 saluatoris
1158 3173 1357 3238 agnosceret

155 3245 290 3324 aceepit.
309 3264 366 3324 per
381 3263 489 3323 quem.

606 3353 668 3414 Ad
679 3353 902 3433 conplendum.

200 3458 293 3520 Beati
327 3457 478 3519 iohannis
516 3457 683 3539 baptistae
713 3478 774 3519 nos
805 3458 940 3519 domine
970 3457 1139 3539 praeclara
1176 3460 1355 3522 comitetur

155 3546 269 3608 oratio.
302 3561 334 3607 et
365 3564 464 3625 quem
497 3556 672 3606 uenturum
704 3565 776 3607 esse
803 3545 978 3626 praedixit.
1010 3555 1126 3627 poscat
1157 3546 1255 3608 nobis
1286 3547 1355 3609 fore

155 3631 333 3713 placatum.
350 3632 522 3694 dominum
540 3642 688 3694 nostrum
706 3632 810 3694 iesum
828 3632 995 3694 christum.

55 3856 59 3863 ·
168 3845 245 3894 rur.
271 3833 362 3896 Kar.
388 3833 464 3894 lun.
490 3830 700 3894 Nnuurrus
732 3832 873 3895 Saucrr
902 3832 1091 3895 louauurs
1120 3833 1338 3897 Barrrsrau.

198 3956 352 4020 Concede
379 3977 559 4037 quesumus
583 3957 794 4037 omnipotens
820 3958 903 4019 deus
934 3966 971 4019 ut
1001 3956 1056 4037 qui
1088 3958 1176 4020 beati
1201 3959 1354 4021 iohannis

154 4043 322 4123 baptistae
360 4043 558 4125 sollempnia
595 4043 733 4105 colimus
771 4044 840 4105 eius
878 4043 967 4126 apud
999 4054 1033 4105 te
1064 4045 1354 4110 intercessionibus

152 4131 350 4192 muniamur.
368 4150 432 4211 per.

685 4232 822 4296 Secreta.

195 4333 336 4395 Munera
347 4332 481 4395 domine
491 4332 605 4395 oblata
620 4332 791 4395 sanctifica
805 4342 840 4396 et
855 4333 1080 4395 intercedente
1095 4333 1196 4397 beato
1209 4335 1351 4399 iohanne

150 4418 296 4501 baptista
313 4441 373 4483 nos
389 4440 447 4503 per
462 4421 543 4483 haec
560 4441 580 4483 a
596 4429 806 4502 peccatorum
823 4429 1011 4482 nostrorum
1039 4421 1177 4482 maculis
1194 4423 1348 4486 emunda

149 4524 213 4586 per.
