3038 5106
225 344 277 397 272
562 334 620 385 AD
642 332 844 387 casulem(
859 332 1098 387 Memnon.

233 486 286 551 Ne
301 488 442 551 reatum¹
458 484 591 551 lauacro
605 484 742 551 salutari
760 506 851 551 mors
869 486 1018 553 secunda
1037 485 1217 571 possideat
1260 488 1341 555 Tibi
1355 508 1438 573 ergo

227 572 366 637 domiue
391 572 558 655 supplices
583 592 728 658 praeces.
756 572 816 637 tibi
847 572 962 639 fletum
989 574 1098 637 cordis
1121 572 1334 641 effundimus.
1381 576 1434 641 Tu

231 679 330 743 parce
352 657 534 724 confitenti.
549 669 586 724 ut
601 660 648 723 sic
669 660 702 724 in
726 659 788 724 hac
812 660 1016 725 mortalitate
1039 670 1178 744 peccata
1199 681 1260 725 sua
1284 671 1319 726 te
1341 664 1438 728 adiu-

229 755 332 810 uante
347 745 475 810 defleat
492 746 634 829 qualiter
649 747 682 809 iu
698 747 862 812 tremendi
885 746 997 813 iudicii
1020 748 1074 813 die
1094 748 1296 812 sententiam
1313 749 1435 835 damp-

231 833 376 898 nationis
390 844 545 897 aeternae
563 834 694 898 euadat.
709 844 744 897 et
760 834 885 898 neseiat
901 834 991 917 quod
1007 843 1107 899 terret
1123 835 1156 898 in
1173 834 1325 899 tenebris
1342 840 1435 918 quod

227 920 347 985 stridet
377 921 410 983 in
449 920 599 984 flammis
661 921 774 1003 Atque
804 921 847 984 ab
877 922 994 985 erroris
1024 921 1078 985 uia
1108 921 1151 983 ad
1190 922 1252 985 iter
1281 942 1435 988 reuersus

230 1007 382 1071 iustitiae
441 1008 662 1090 Nequaquam
681 1007 769 1073 ultra
791 1008 982 1073 uulneribus
997 1007 1170 1072 saucietur.
1187 1009 1246 1072 sed
1263 1008 1434 1093 integrum

227 1094 274 1158 sit
299 1094 329 1157 ei
359 1102 460 1176 atque
484 1104 682 1178 perpetuum
707 1105 740 1158 et
767 1094 857 1176 quod
884 1095 993 1177 gratia
1018 1104 1077 1159 tua
1103 1095 1252 1159 contulit.
1280 1107 1315 1161 et
1340 1100 1434 1179 quod

231 1180 454 1246 misericordia
470 1180 670 1247 reformauit.
686 1202 753 1264 per.

346 1408 406 1471 Ao
430 1405 749 1482 Rscoucuranot
774 1408 1034 1471 Poeumnums
1057 1421 1108 1469 nn
1132 1406 1311 1472 Moureu.

273 1548 365 1611 Deus
382 1545 572 1608 misericors.
589 1545 670 1609 deus
686 1543 847 1627 clemens!
862 1544 918 1625 qui
935 1543 1119 1607 secundum
1138 1543 1248 1608 multi·
1260 1543 1317 1627 [so.
1339 1548 1432 1626 196v.

225 1634 378 1698 tudinem
403 1633 652 1695 miserationum
679 1642 809 1695 tuarum
838 1642 975 1714 peccata
1002 1631 1245 1714 poenitentium
1271 1632 1374 1697 deles.
1397 1644 1432 1698 et

225 1720 479 1805 praeteritorum
490 1719 664 1781 criminum
680 1716 795 1800 culpas
805 1718 903 1781 uenia
919 1718 1121 1780 remissionis
1133 1738 1284 1782 euacuas.
1301 1721 1431 1803 respice

226 1827 325 1890 super
347 1806 434 1869 hunc
462 1803 623 1868 famulum
655 1815 758 1868 tuum.
782 1805 827 1868 ill.
858 1814 891 1867 et
923 1805 1151 1868 remissionem
1181 1806 1244 1868 sibi
1275 1808 1428 1870 omniurn

225 1903 439 1979 peccatorum
463 1912 597 1955 suorum
621 1901 693 1954 tota
715 1891 823 1955 cordis
846 1890 1054 1955 consessione
1077 1903 1270 1973 poscentem
1293 1895 1430 1958 exaudi

227 1982 367 2046 Renoua
395 1981 427 2042 in
454 2000 494 2042 eo
524 1979 670 2062 piissime
697 1988 793 2061 pater
816 1979 973 2059 quicquid
998 1989 1128 2041 terrena
1154 1977 1335 2061 fragilitate
1358 2000 1431 2045 cor·

224 2077 371 2150 ruptum.
397 2066 450 2129 uel
474 2067 631 2148 quicquid
662 2064 826 2128 diabolica
856 2063 971 2128 fraude
997 2065 1158 2128 uiolatum
1183 2076 1240 2129 est
1268 2067 1431 2132 Miserere

222 2156 361 2219 domine
398 2151 587 2236 gemitum
625 2153 778 2214 miserere
816 2151 1033 2215 lacrimarum.
1071 2162 1104 2215 et
1134 2172 1201 2215 non
1243 2152 1428 2218 habentem

225 2240 388 2306 fiduciam.
416 2241 478 2302 nisi
506 2240 539 2302 in
566 2249 624 2302 tua
643 2239 866 2302 misericordia
893 2241 936 2302 ad
962 2248 1207 2302 sacramentum
1236 2241 1428 2306 reconcilia-

225 2329 325 2393 tionis
341 2327 489 2390 admitte
506 2337 538 2389 et
554 2325 587 2389 in
604 2326 731 2389 unitate
746 2325 893 2408 corporis
909 2325 1087 2389 aecclesiae
1103 2335 1182 2388 tuae
1197 2324 1426 2392 membrorum

224 2415 371 2498 perfecta
387 2414 578 2477 remissione
594 2413 758 2476 restituae.
770 2433 836 2495 per.

774 2547 866 2610 Alia.

269 2664 480 2728 Maiestatem
497 2670 589 2723 tuam
606 2659 772 2742 supplices
788 2662 1034 2742 depraecamur.
1047 2670 1082 2723 ut
1099 2658 1203 2733 huncl
1215 2661 1341 2726 iamulo
1357 2674 1424 2726 tuo.

221 2752 269 2814 ill.
305 2750 406 2831 longo
436 2749 588 2829 squalore
626 2748 850 2830 poenitentiae
881 2758 1049 2810 macerato
1088 2749 1307 2812 miserationis
1347 2760 1424 2814 tuae

224 2837 356 2901 ueniam
382 2833 517 2916 largire†
532 2835 686 2916 digneris.
708 2845 745 2897 ut
772 2834 912 2916 nuptiali
937 2844 1030 2897 ueste
1054 2845 1185 2916 recepta
1209 2836 1250 2898 ad
1276 2837 1422 2918 regalem

223 2944 374 2987 mensam
390 2924 478 2986 unde
494 2922 616 2985 eiectus
633 2920 738 2983 luerat
755 2933 919 2984 mereatur
934 2921 1075 2984 introire.
1093 2943 1158 3003 per.

547 3136 607 3199 Ao
630 3134 830 3199 Cnemcuu
855 3134 1113 3217 Fame-uuum

267 3273 409 3338 Oremus
463 3273 668 3336 dilectissimi
714 3271 838 3335 iratres
884 3273 1057 3335 dominum
1111 3283 1260 3336 nostrum
1315 3275 1421 3338 iesum

219 3362 382 3425 christum
399 3381 459 3442 pro
482 3360 544 3421 hoe
567 3359 692 3421 famulo
716 3380 783 3421 suo.
810 3360 854 3422 ill.
879 3361 935 3440 qui
958 3362 1000 3423 ad
1027 3362 1261 3441 deponendam
1287 3381 1420 3425 comam

222 3450 340 3531 capitis
357 3449 405 3510 sui
423 3469 483 3529 pro
499 3447 568 3509 eius
584 3466 696 3508 amore
713 3446 855 3508 festinat.
872 3458 908 3508 ut
923 3448 1025 3509 donet
1043 3448 1072 3508 ei
1095 3448 1246 3528 spiritum
1267 3461 1420 3512 sanctum

220 3538 277 3619 qui
301 3534 451 3599 habiturn
478 3534 644 3615 religionis
672 3534 704 3595 in
724 3554 764 3595 eo
789 3545 967 3615 perpetuae
994 3545 1175 3596 conseruet.
1201 3544 1234 3595 et
1258 3555 1278 3596 a
1305 3536 1421 3598 mundi

222 3624 451 3706 inpedimento
474 3622 526 3683 uel
551 3620 709 3683 saeculari
737 3620 902 3683 desiderio
924 3640 980 3681 cor
1002 3622 1072 3682 eius
1097 3620 1255 3682 defendat
1272 3631 1308 3683 ut
1336 3623 1421 3685 sicut

224 3711 418 3773 immutatur
440 3709 472 3769 in
490 3707 591 3770 uultu.
610 3708 655 3770 ita
680 3727 797 3769 manus
813 3708 972 3769 dexterae
995 3707 1065 3769 eius
1088 3709 1117 3768 ei
1141 3708 1273 3770 uirtutis
1296 3708 1421 3771 tribuat

222 3799 432 3860 incrementa.
459 3805 491 3857 et
519 3795 561 3856 ab
585 3795 676 3856 omni
702 3795 861 3856 caecitate
886 3794 1033 3856 humana
1057 3794 1171 3857 oculos
1198 3795 1268 3856 eius
1291 3797 1421 3877 aperiat

222 3892 270 3968 let
286 3885 397 3946 lumen
414 3883 442 3945 ei
459 3892 613 3944 aeternae
628 3881 754 3962 gratiae
769 3881 938 3943 concedat.
955 3881 1011 3962 qui
1027 3882 1119 3944 uiuit.
1274 3877 1330 3965 [io
1353 3900 1420 3961 197.

775 4017 865 4080 Alia.

264 4133 394 4195 Adesto
427 4130 561 4192 domine
592 4128 889 4211 supplicationibus
920 4129 1040 4191 nostris
1074 4136 1108 4191 et
1138 4128 1225 4192 hunc
1257 4130 1418 4194 iarnulum

220 4230 313 4282 tuum
331 4218 527 4281 benedicere
539 4217 675 4298 dignare
691 4218 780 4279 cum²
791 4227 848 4279 tuo
861 4228 977 4279 sancto
991 4217 1125 4278 nornine
1141 4215 1292 4280 habitum
1310 4217 1419 4292 sa‹:ra†

220 4306 387 4388 religionis
418 4304 628 4387 imponimus.
656 4314 691 4366 ut
721 4313 754 4366 te
785 4302 945 4386 largiente
969 4313 1003 4365 et
1028 4303 1170 4365 deuotus
1200 4304 1233 4365 in
1259 4305 1419 4369 aecclesia

215 4393 400 4477 persistere
416 4400 451 4455 et
466 4391 569 4456 uitam
586 4391 755 4474 percipere
770 4387 973 4465 mereamurl
986 4399 1168 4453 aeternam.
1185 4409 1250 4472 per.

348 4534 356 4567 ¹
375 4537 411 4588 So
423 4536 481 4589 Ms.
495 4535 533 4587 t'or
543 4544 669 4587 renatum.
997 4530 1009 4565 ¹
1025 4536 1060 4587 So
1072 4534 1130 4585 MS.
1144 4532 1183 4585 sor
1194 4533 1238 4582 cui
1248 4533 1284 4582 in.
