3038 5106
231 318 282 385 256
542 316 654 369 mssa
677 317 752 369 PRO
772 316 878 369 REGE
898 316 956 369 ΕΤ
972 316 1127 369 REGINA.

231 479 269 535 ut
284 479 327 619 tq
333 469 481 570 donante
493 462 591 551 ‘quae
614 464 675 531 tibi
700 467 823 551 placita
846 466 968 551 cupiat.
983 476 1018 533 et
1040 477 1114 532 tota
1137 468 1260 535 uirtute
1274 468 1436 555 proficiat

232 577 292 641 per
329 574 488 619 omrnum.

761 672 899 738 Secreta.

277 786 430 853 Proficiat
445 806 626 869 quesumus
652 785 788 850 domine
811 786 894 849 haec
916 784 1042 851 oblatio
1057 808 1158 870 quam
1175 798 1252 853 tuae
1268 790 1436 873 supplices

229 876 401 941 offerimus
426 873 590 937 maiestati
614 872 657 937 ad
684 873 826 937 salutem
857 872 1001 937 famulae
1031 884 1108 938 tuae
1138 874 1184 939 ill.
1207 886 1244 940 ut
1272 887 1332 941 tua
1358 898 1436 961 pro·

230 962 380 1027 uidentia
395 961 464 1025 eius
480 961 550 1025 uita
565 960 651 1023 inter
665 960 805 1023 aduersa
820 970 854 1024 et
869 980 1028 1043 prospera
1043 960 1165 1045 ubique
1180 962 1350 1047 dirigatur.
1368 986 1434 1047 per.

739 1097 918 1177 Praefatio

274 1213 325 1276 tt)
342 1221 475 1274 aeterne
490 1212 581 1274 deus.
628 1209 849 1290 Implorantes
871 1220 948 1273 tuae
972 1211 1155 1275 maiestatis
1172 1212 1434 1278 misericordiam

228 1308 267 1363 ut
282 1298 426 1362 famulae
448 1307 533 1360 tuae.
557 1296 599 1359 N.
623 1297 754 1359 ueniam
771 1316 904 1360 suorum
921 1297 1031 1379 largiri
1048 1299 1193 1380 digneris
1208 1310 1434 1381 peccatorum.

230 1395 267 1450 ut
290 1384 334 1448 ab
357 1383 512 1447 omnibus
535 1381 711 1457 ininimici†
733 1383 872 1447 uinculis
897 1382 1043 1447 liberata.
1071 1386 1136 1448 tuis
1163 1395 1235 1449 toto
1259 1388 1361 1450 corde
1384 1389 1434 1452 in-

229 1470 358 1557 hesreat
385 1471 559 1534 mandatis.
576 1480 609 1533 et
635 1479 669 1533 te
693 1469 800 1533 solum
824 1470 998 1534 dominum
1023 1491 1154 1555 semper
1176 1483 1248 1537 tota
1263 1473 1319 1556 [fo.
1341 1476 1434 1556 185v.

227 1561 351 1623 uirtute
380 1557 505 1640 diligat.
536 1566 570 1620 et
599 1556 643 1620 ad
672 1566 750 1620 tuae
787 1559 987 1640 quandoque
1016 1557 1231 1623 beatitudinis
1268 1561 1434 1626 uisionem

227 1646 399 1729 peruenire
416 1653 587 1708 mereatur.
604 1663 663 1725 per
677 1642 844 1706 christum.

677 1782 708 1844 Α
712 1783 740 1845 α’
749 1783 973 1865 complendum.

273 1899 451 1963 Sumentes
477 1897 612 1959 domine
636 1904 815 1978 perpetuae
841 1907 1050 1961 sacramenta
1074 1898 1189 1961 salutis
1206 1909 1297 1963 tuam
1314 1900 1435 1984 depre-

224 1984 358 2060 cantes†
373 1984 593 2047 clementiam.
609 1991 645 2045 ut
669 2003 728 2064 per
753 2002 793 2045 ea
820 1982 978 2046 famulam
1002 1994 1094 2048 tuam
1118 1984 1162 2048 ab
1176 1987 1267 2049 omni
1284 1986 1435 2053 aduersi·

224 2082 297 2136 tate
314 2081 476 2154 protegas
492 2090 558 2153 per.

691 2189 799 2270 Super
804 2190 968 2272 populum.

271 2303 445 2367 Famulam
465 2312 566 2365 tuam.
591 2302 632 2365 N.
655 2321 834 2394 quesumus
853 2302 987 2365 domine
1003 2312 1060 2367 tua
1075 2324 1207 2387 semper
1221 2309 1435 2388 protectione

224 2392 365 2456 custodi.
382 2400 418 2453 ut
434 2389 537 2452 libera
562 2388 622 2452 tibi
649 2397 761 2452 mente
783 2390 956 2452 deseruiat.
972 2400 1005 2454 et
1028 2400 1062 2454 te
1084 2402 1281 2475 protegente
1296 2414 1317 2456 a
1335 2396 1435 2460 malis

223 2478 381 2543 omnibus
397 2477 439 2540 sit
455 2495 576 2539 secura.
593 2495 659 2558 per.

322 2699 534 2760 M1ssa12no
559 2696 663 2758 REGE
686 2708 733 2757 er
758 2695 909 2757 Raorun
933 2708 1006 2758 use
1031 2697 1146 2759 Frerrs
1172 2698 1322 2761 Eonuu.

271 2843 363 2906 Deus
380 2843 412 2904 in
429 2842 520 2904 cuius
545 2861 644 2904 manu
669 2841 770 2904 corda
794 2849 871 2902 sunt
895 2861 1018 2923 regum.
1035 2842 1091 2924 qui
1107 2863 1142 2903 es
1158 2841 1334 2906 humilium
1351 2864 1434 2907 con·

224 2931 357 2994 solator.
382 2939 415 2991 et
440 2927 586 2990 fidelium
611 2928 778 2990 fortitude.
802 2937 835 2989 et
859 2937 1026 3009 protector
1048 2929 1197 2991 omnium
1223 2931 1255 2991 in
1279 2940 1314 2992 te
1339 2952 1435 3013 sper-

223 3019 361 3081 antium.
394 3017 438 3079 da
470 3016 537 3097 regi
575 3026 697 3078 nostro.
736 3014 777 3076 N.
812 3023 846 3076 et
878 3015 1017 3096 reginae.
1050 3016 1091 3078 N.
1122 3015 1174 3078 uel
1206 3015 1280 3078 filiis
1311 3037 1432 3082 eorum

225 3104 414 3187 populoque
430 3102 617 3165 christiano.
633 3101 837 3183 triumphum
861 3101 990 3164 uirtutis
1013 3122 1092 3165 suae
1108 3103 1248 3165 scienter
1264 3105 1433 3169 excolere.

223 3201 262 3254 ut
277 3211 337 3273 per
352 3200 385 3252 te
401 3209 531 3271 semper
547 3198 737 3271 reparentur
755 3188 797 3250 ad
814 3187 953 3249 ueniam.
971 3209 1028 3270 per
1043 3189 1215 3252 dominum
1233 3200 1398 3254 nostrum.

756 3333 892 3397 Secreta.

269 3448 407 3529 Suscipc
423 3447 558 3509 domine
582 3465 716 3528 praeces
744 3456 776 3507 et
802 3440 926 3509 liostias
953 3446 1131 3508 aecclesiae
1150 3457 1227 3509 tuae
1243 3468 1303 3529 pro
1320 3449 1432 3514 salute

224 3534 339 3597 famuli
370 3534 416 3596 tui
448 3532 533 3615 regis
566 3533 676 3595 nostri.
709 3532 750 3594 N.
784 3543 817 3595 et
850 3534 982 3615 reginae
1011 3543 1151 3596 nostrae.
1185 3534 1225 3596 N.
1264 3534 1317 3596 uel
1352 3535 1432 3600 filiis

219 3641 337 3684 eorum
376 3632 409 3682 et
447 3620 651 3702 protectione
683 3617 830 3682 fidelium
869 3620 1065 3704 populorum
1099 3620 1352 3702 supplicantesl
1392 3639 1430 3688 ut

224 3709 361 3790 antiqua
391 3706 513 3768 brachii
545 3707 592 3768 tui
624 3718 657 3768 te
687 3718 845 3788 operante
880 3706 1043 3770 miracula.
1082 3708 1244 3789 superatis
1282 3708 1430 3774 inimicis

220 3814 338 3858 secura
353 3795 412 3857 tibi
429 3794 549 3856 seruiat
566 3793 818 3856 christianorum
835 3794 977 3856 libertas.
994 3815 1052 3877 per
1066 3795 1247 3857 dominum.

734 3928 914 4010 Praefatio.

267 4045 316 4108 (D
333 4054 466 4106 aeterne
482 4042 571 4104 deus
618 4041 829 4104 Maiestatem
854 4052 945 4105 tuam
968 4042 1159 4125 suppliciter
1181 4063 1372 4108 exoramus
1390 4059 1427 4111 ut

222 4131 265 4195 ab
291 4129 429 4194 ecclesia
454 4140 511 4192 tua
537 4127 693 4210 quicquid
718 4138 768 4190 est
793 4130 932 4192 noxium
960 4139 996 4193 tu
1027 4130 1174 4212 repellas.
1201 4141 1234 4193 et
1264 4132 1424 4214 quicquid

218 4218 330 4281 eidem
369 4218 512 4280 salutare
549 4225 599 4277 est
637 4215 793 4294 largiaris.
861 4216 998 4298 Nosque
1036 4216 1256 4279 humilitatem
1296 4218 1426 4284 tribuas

221 4303 462 4368 rationabilem.
485 4302 651 4366 custodire
675 4323 734 4385 per
756 4303 897 4384 gratiam
919 4313 1011 4366 tuam
1033 4304 1213 4367 clementer
1230 4305 1428 4386 impendis.†

222 4392 269 4455 Et
291 4392 374 4474 [regi
397 4400 518 4454 nostre.
543 4389 584 4452 N.
607 4399 642 4453 et
658 4390 798 4471 reginae.
819 4388 860 4453 N.
883 4409 959 4453 cum
975 4388 1050 4452 filiis
1066 4389 1118 4453 uel
1134 4390 1260 4473 populo
1275 4389 1333 4473 [fo.
1353 4394 1427 4459 186.

217 4478 400 4542 christiano
430 4477 474 4541 ab
503 4475 658 4560 operibus
685 4475 805 4558 iniquis
838 4477 1015 4558 dignanter
1045 4477 1215 4560 expedias.
1275 4476 1322 4543 Et
1361 4498 1425 4545 nec
