3038 5106
459 380 552 430 DOM.
579 378 602 430 Ι.
632 378 728 430 POST
750 378 826 429 OCT.
856 379 1006 430 DOMINI.

663 589 800 654 Secreta.

175 718 370 783 Muneribus
385 720 506 784 nostris
521 739 701 802 quesumus
717 720 851 782 domine
868 720 1105 802 praecibusque
1121 721 1290 803 susceptis.
1300 729 1334 782 et

128 807 327 869 caelestibus
343 828 403 871 nos
420 809 544 871 munda
568 808 739 890 mysteriis.
756 818 789 869 et
812 807 992 870 clementer
1006 809 1139 872 exaudi.
1155 828 1213 890 per
1228 809 1334 870 domi·

129 912 210 956 num
227 904 386 959 nostrum.

643 1032 824 1114 Praefatio.

174 1142 224 1207 (Β
240 1154 374 1207 aeterne
390 1144 480 1209 deus.
526 1144 571 1206 Et
587 1164 715 1206 sursum
729 1144 883 1206 cordibus
900 1144 1017 1207 erectis
1030 1144 1179 1209 diuinum
1197 1146 1334 1208 adorare

130 1232 333 1310 mysterium.
347 1242 383 1293 ut
398 1232 488 1314 quod
506 1252 629 1312 magno
644 1231 697 1293 dei
715 1251 849 1292 munere
865 1232 995 1311 geritur.
1010 1234 1139 1313 magnis
1155 1232 1333 1294 aecclesiae

128 1318 260 1398 gaudiis
282 1318 493 1381 caelebretur.
538 1318 722 1401 J‘Quoniam
739 1317 885 1379 humana
900 1319 1048 1380 conditio
1064 1321 1164 1381 ueteri
1189 1319 1244 1401 [so.
1263 1314 1332 1399 35v'.

130 1416 326 1485 terrenaque
350 1405 424 1487 lege
447 1417 598 1467 cessante
621 1426 709 1467 noua
724 1404 924 1486 caelestique
940 1404 1125 1469 substantia
1142 1407 1335 1469 mirabiliter

130 1501 314 1554 restaurata
329 1492 501 1573 profertur.
517 1513 575 1575 per
590 1493 758 1554 christum.

584 1650 616 1713 A
620 1650 647 1712 d
657 1649 882 1731 conplendum.

174 1760 229 1824 Da
247 1762 343 1825 nobis
369 1783 549 1845 quesumus
573 1764 708 1826 domine
735 1764 816 1825 deus
842 1774 953 1825 noster
977 1774 1013 1826 ut
1040 1763 1095 1844 qui
1121 1763 1331 1826 natiuitatem

130 1848 258 1911 domini
290 1853 392 1912 nostri
430 1851 499 1912 iesu
530 1850 641 1912 christi
675 1870 734 1912 nos
766 1850 974 1931 frequentare
1004 1854 1198 1933 gaudemus.
1223 1852 1332 1932 dignis

129 1937 435 2000 conuersationibus
461 1938 504 2000 ad
536 1939 606 2000 eius
631 1958 816 1999 mereamur
845 1940 1007 2021 pertinere
1039 1940 1249 2001 consortium.
1277 1958 1334 2019 per

129 2024 282 2087 eundem.

579 2161 687 2243 Super
691 2162 856 2243 populum.

173 2272 443 2337 Benedictionem
475 2283 568 2338 tuam
599 2275 734 2338 domine
771 2273 913 2355 populus
952 2273 1057 2336 fidelis
1087 2275 1235 2356 accipiat.
1266 2295 1333 2355 qua

129 2379 288 2443 corporae
313 2362 461 2423 saluatus
488 2382 526 2423 ac
552 2373 671 2424 mente.
696 2371 730 2424 et
756 2359 911 2442 gratiam¹
937 2362 995 2423 tibi
1019 2382 1150 2444 semper
1171 2362 1330 2423 exhibeat

128 2448 332 2597 {erui-tutem.
348 2460 383 2511 et
400 2450 644 2532 propitiationis
668 2459 745 2511 tuae
770 2448 928 2511 beneficia
950 2469 1081 2543 semper
1101 2449 1258 2511 inueniat.
1275 2468 1333 2529 per

153 2554 313 2598 ominum.

346 2748 546 2810 Dorusrcs
572 2746 596 2809 1.
621 2745 716 2809 Posr
740 2744 912 2810 Ocrnuss
937 2745 1095 2808 Domni.

171 2884 396 2966 Omnipotens
411 2885 612 2966 sempiterne
627 2885 709 2947 deus
732 2884 836 2965 dirige
863 2893 956 2946 actus
981 2893 1111 2946 nostros
1128 2884 1159 2945 in
1177 2862 1332 2966 beneplass

127 2974 196 3037 cito
211 2983 278 3036 tuo.
294 2983 331 3036 ut
347 2973 379 3034 in
397 2974 531 3033 nomine
556 2971 667 3034 dilecti
693 2969 750 3032 filii
779 2972 826 3033 tui
855 2991 1042 3033 mereamur
1067 2971 1161 3032 bonis
1177 2974 1331 3053 operibus

127 3061 306 3125 abundare.
321 3078 380 3141 per
394 3061 547 3122 eundem.

662 3193 800 3257 Secreta.

170 3306 327 3374 Concede
369 3326 550 3388 quesumus
595 3307 730 3370 domine
785 3315 822 3369 ut
873 3306 976 3368 oculis
1027 3316 1105 3369 tuae
1151 3308 1332 3370 maiestatis

125 3415 247 3459 munus
263 3394 421 3457 oblatum.
437 3405 471 3456 et
486 3394 627 3475 gratiani
644 3394 740 3455 nobis
756 3393 942 3456 deuotionis
958 3392 1107 3456 obtineat
1122 3404 1155 3456 et
1176 3395 1330 3457 eflectum

124 3484 243 3546 beatae
259 3482 475 3565 perennitatis
489 3481 651 3562 adquirat.
667 3500 733 3562 per.

661 3618 843 3697 Praefatio.

171 3730 221 3795 ff)
248 3740 382 3793 aeterne
409 3732 499 3793 deus.
559 3728 624 3812 Qui
653 3739 791 3811 peccato
821 3730 917 3811 primi
942 3730 1087 3812 parentis
1115 3730 1283 3792 hominem
1312 3752 1332 3792 a

125 3818 244 3881 salutis
260 3815 380 3880 finibus
395 3818 589 3880 exulantem
606 3818 760 3899 piaetatis
777 3817 982 3898 indulgentia
998 3818 1040 3879 ad
1062 3822 1194 3880 ueniam
1213 3820 1332 3880 uitam·

124 3924 192 3988 que
221 3905 393 3967 reuocasti.
418 3905 583 3967 mittendo
607 3905 703 3968 nobis
727 3905 935 3987 unigenitum
966 3915 1062 3967 tuum
1093 3906 1266 3968 dominum
1298 3917 1331 3967 et

124 3992 327 4055 saluatorem
344 4001 504 4055 nostrum.
520 4011 579 4073 per
593 4011 703 4072 quem.

581 4140 612 4204 Α
616 4140 643 4202 d
653 4139 879 4220 conplendum.

171 4254 233 4317 Per
271 4252 368 4316 huius
405 4254 541 4318 domine
571 4255 798 4336 operationem
835 4255 991 4335 mysterii.
1028 4266 1062 4320 et
1100 4256 1181 4318 uitia
1218 4268 1331 4318 nostra

125 4349 317 4423 purgentur.
332 4352 366 4405 et
383 4342 470 4405 iusta
485 4342 649 4405 desideria
665 4341 901 4424 compleantur.
918 4363 983 4424 per.

646 4552 655 4584 ¹
674 4555 723 4604 For
730 4528 839 4619 platani.
