3038 5106
228 347 278 399 ¹28
495 348 534 399 ΙΙ.
564 348 650 399 KAL.
679 348 766 399 DEC.
795 348 883 399 ΝΑΤ.
913 348 941 399 S.
972 346 1168 399 ANDREAE.

761 526 900 591 Secreta.

276 636 417 702 Munera
439 640 573 703 domine
596 639 656 703 tibi
680 640 792 705 dicata
814 638 992 704 sanctifica.
1015 647 1050 702 et
1081 637 1310 701 intercedente
1333 635 1433 697 beato

232 727 404 875 piatumino
434 736 579 809 martyre
609 736 668 790 tuo
697 748 756 810 per
786 728 904 791 eadem
935 747 996 790 nos
1027 725 1178 810 placatus
1208 724 1354 787 intende
1379 741 1437 804 per

257 832 416 876 ominum.

746 934 927 1015 Praefatae.

241 1038 246 1045 '
281 1032 330 1095 (f)
356 1052 415 1115 per
438 1032 596 1097 christum
623 1034 798 1097 dominum
828 1044 986 1096 nostrum.
1033 1031 1136 1097 Cuius
1165 1030 1272 1112 gratia
1299 1029 1434 1094 beatum

236 1120 442 1181 saturninum
470 1120 502 1182 in
533 1121 754 1183 sacerdotium
780 1120 888 1202 elegit.
919 1120 1071 1182 doctrina
1099 1119 1141 1182 ad
1173 1116 1435 1201 praedicandum

236 1206 363 1268 erudiit.
380 1208 530 1287 potentia
554 1209 595 1270 ad
613 1210 890 1289 perseuerandum
907 1205 1123 1269 confirmauit.
1139 1215 1176 1268 ut
1200 1224 1259 1286 per
1281 1204 1437 1267 sacerdo-

236 1293 337 1355 talem
368 1293 505 1355 insulam
540 1296 725 1376 perueniret
757 1295 800 1357 ad
840 1294 987 1373 martyrii
1018 1293 1174 1375 palmam.
1234 1288 1437 1371 Doccnsque

235 1379 386 1442 subditos
417 1381 647 1462 praedicando.
678 1382 842 1444 instruens
873 1381 1006 1442 uiuendi
1037 1379 1194 1460 exemplo
1232 1376 1436 1439 confirmans

235 1466 401 1550 patiendo
432 1479 468 1529 ut
498 1470 539 1530 ad
571 1476 605 1530 te
634 1469 842 1531 coronandus
869 1468 1062 1548 perueniret.
1093 1466 1148 1547 qui
1186 1472 1436 1546 persecutorum

236 1554 342 1615 minas
359 1554 542 1636 intrepidus
557 1566 752 1635 superasset.
798 1554 899 1618 Cuius
922 1554 1127 1616 interuentus
1143 1572 1204 1613 nos
1219 1570 1401 1632 quesumus
1417 1571 1438 1613 a

234 1641 355 1702 nostris
382 1641 520 1703 mundet
534 1640 673 1705 delictis.
699 1641 755 1722 qui
776 1641 835 1704 tibi
857 1641 982 1723 placuit
1006 1649 1056 1704 tot
1072 1640 1234 1701 donorum
1259 1658 1438 1720 praeroga-

233 1726 318 1790 tiuis.
336 1748 507 1809 perquem
525 1728 741 1791 maiestatem.

688 1860 750 1922 Aa
760 1859 984 1942 complendum.

278 1957 470 2022 Sanctificet
486 1979 547 2022 nos
563 1960 706 2022 domine.
723 1978 903 2041 quesumus
918 1958 967 2022 tui
991 1958 1161 2040 perceptio
1176 1957 1386 2020 sacramenti.
1402 1966 1438 2019 et

234 2045 468 2108 intercessione
484 2056 673 2110 sanctorum
690 2047 750 2110 tibi
768 2048 885 2110 reddat
905 2055 1068 2128 acceptos.
1085 2066 1150 2127 per.

321 2219 456 2283 Eounu
482 2222 562 2285 Dru.
589 2222 743 2287 U1o1L1n
768 2222 909 2288 Snxcrr
933 2222 1123 2285 Annaeus
1145 2221 1345 2285 Arosronr.

277 2344 465 2427 Quesumus
482 2344 694 2425 omnipotens
710 2346 791 2407 deus
807 2353 844 2406 ut
860 2343 976 2407 beatus
995 2346 1136 2408 andreas
1151 2342 1323 2424 apostolus
1339 2353 1436 2406 tuum

234 2452 294 2514 pro
321 2431 416 2493 nobis
443 2431 598 2512 imploret
622 2432 792 2494 auxilium.
820 2441 857 2493 ut
881 2452 901 2493 a
925 2432 1045 2493 nostris
1073 2431 1217 2493 reatibus
1241 2428 1395 2493 absoluti.
1417 2451 1437 2493 a

233 2519 359 2583 cunctis
375 2519 474 2580 ctiam
492 2518 643 2599 periculis
659 2539 830 2581 exuamur.
847 2539 912 2600 per.

767 2638 904 2701 Secreta.

279 2738 484 2802 Sacrandum
512 2736 571 2798 tibi
593 2737 727 2799 domine
753 2758 872 2799 munus
893 2736 1069 2799 offerimus.
1085 2757 1152 2817 quo
1177 2735 1266 2798 beati
1292 2738 1435 2799 andreae

234 2825 431 2907 sollempnia
458 2824 646 2887 recolentes.
675 2825 936 2905 purificationem
964 2843 1096 2904 quoque
1120 2823 1241 2886 nostris
1269 2823 1435 2886 mentibus

236 2912 458 2993 imploramus
476 2932 542 2993 per.

747 3023 836 3084 Prae
853 3023 927 3084 atro.

280 3122 345 3201 iffi
371 3132 502 3183 aeterne
518 3122 607 3182 deus.
655 3123 698 3184 Et
724 3024 932 3183 maieslatem
959 3130 1051 3183 tuam
1079 3120 1273 3202 suppliciter
1290 3120 1345 3201 [fo.
1367 3120 1432 3197 164

238 3229 384 3272 exorare.
415 3217 451 3269 ut
478 3208 532 3288 qui
573 3208 660 3270 beati
692 3208 834 3269 andreae
864 3208 1006 3289 apostoli
1048 3207 1167 3269 festum
1198 3207 1434 3289 sollempnibus

237 3296 366 3358 ieiuniis
390 3306 423 3357 et
447 3295 577 3356 deuotis
602 3297 831 3375 praeuenimus
858 3294 974 3357 officiis
1001 3294 1087 3357 illius
1114 3295 1202 3376 apud
1228 3294 1434 3357 maiestatem

239 3395 329 3446 tuam
355 3393 388 3443 et
412 3382 607 3444 adiuuemur
634 3383 757 3444 meritis
781 3391 814 3443 ct
840 3382 1039 3444 instruamur
1063 3381 1235 3462 exemplis.
1260 3400 1319 3462 per
1338 3381 1434 3443 chris-

239 3479 318 3534 tum.

693 3580 755 3642 Ad
765 3582 989 3661 complendum.

286 3680 451 3760 Perceptis
467 3680 601 3740 domine
624 3680 837 3741 sacramentis
860 3680 1051 3762 suppliciter
1075 3699 1262 3741 exoramus
1282 3688 1320 3741 ut
1341 3680 1438 3741 inter-

240 3769 378 3829 cedente
402 3769 500 3828 beato
524 3766 646 3828 andrea
673 3766 827 3847 apostolo
852 3777 917 3828 tuo.
943 3787 1028 3847 quac
1053 3787 1112 3848 pro
1140 3766 1226 3828 illius
1250 3765 1440 3828 ueneranda

240 3856 385 3936 gerimus
403 3854 556 3934 passione
573 3853 668 3915 nobis
683 3851 857 3935 proficiant
873 3853 916 3915 ad
934 3853 1106 3916 medelam.
1123 3855 1199 3934 per.¹

240 4024 291 4108 sn.
311 4025 401 4086 Kar..
425 4022 513 4086 Dec.
535 4022 692 4084 Narneu
717 4022 858 4086 Snucrr
882 4022 1048 4085 Annuus
1075 4022 1274 4085 Auosrou.
1293 4018 1350 4099 [so.
1373 4023 1440 4099 165.

284 4138 495 4200 Maiestatem
536 4144 626 4196 tuam
660 4135 795 4198 domine
833 4133 1026 4216 suppliciter
1062 4153 1241 4196 exoramus
1282 4142 1319 4194 ut
1357 4134 1441 4194 sicut

240 4224 418 4287 aecclesiae
443 4232 519 4284 tuae
546 4221 662 4283 beatus
686 4222 826 4284 andreas
852 4222 1023 4303 apostolus
1046 4221 1162 4284 extitit
1184 4221 1393 4302 praedicator
1408 4227 1440 4280 et

241 4322 355 4374 rector.
372 4312 419 4372 ita
435 4311 523 4391 apud
542 4319 574 4371 te
589 4309 631 4371 sit
647 4330 708 4390 pro
724 4309 820 4372 nobis
835 4321 1014 4391 perpetuus
1030 4308 1234 4371 intercessor.
1251 4327 1317 4390 per.

272 4439 280 4472 ¹
296 4443 352 4492 The
363 4442 440 4492 lower
451 4440 507 4489 half
515 4440 544 4489 oi
556 4440 599 4490 the
616 4448 685 4489 recto
702 4440 731 4491 os
747 4440 789 4490 sol.
812 4441 858 4502 164
875 4442 896 4491 is
912 4442 1006 4500 lilanlr3
1024 4442 1067 4491 the
1086 4457 1158 4490 verso
1178 4440 1199 4490 is
1218 4438 1340 4504 occupied
1359 4438 1392 4503 by
1407 4452 1438 4487 en

238 4508 413 4558 illumination.
450 4507 509 4567 (See
521 4506 591 4555 Pure
602 4506 678 4566 ΧΠ.)
