3038 5106
216 349 248 396 42
525 337 581 386 DE
607 337 784 388 COMPUTO
808 337 1015 388 ECCLESIAS
1018 338 1043 387 T
1039 338 1108 388 ICO.

265 489 303 551 ln
322 510 436 552 mense
460 490 507 552 xii
531 491 727 553 adcrescunt
749 491 864 573 puncti
886 491 934 553 xii
956 491 990 553 in
1013 511 1103 553 anno
1126 510 1193 553 uno
1215 491 1273 572 qui
1297 490 1424 552 faciunt

220 575 318 638 horas
341 577 402 639 iiies
417 577 450 638 in
475 574 557 651 alia†
581 597 670 639 anno
696 577 794 639 horas
822 578 882 639 iiies
897 578 930 640 in
951 578 1000 641 iii⁰
1015 598 1105 640 anno
1120 577 1218 640 horas
1235 579 1295 640 iiies
1310 578 1343 638 in
1361 577 1425 638 iiii0

220 663 317 726 horas
334 664 394 725 iiies
409 674 442 726 et
458 665 529 746 ipse
545 664 645 727 horae
668 664 794 728 iaciunt
817 664 915 727 horas
938 666 987 727 xii
1003 676 1036 727 et
1052 665 1084 727 vi
1101 665 1164 728 kal.
1183 674 1279 727 mart.
1296 664 1424 726 faciunt

220 750 308 812 diem
325 770 428 813 unum
452 760 485 814 et
509 749 590 833 ipse¹
607 752 661 814 die
684 753 807 813 mensis
831 750 911 815 febr.
925 753 1061 833 quando
1085 753 1253 815 bissextus
1274 750 1425 813 euenerit

220 838 348 918 accipit.

265 924 456 988 Bissextum
483 944 547 986 non
573 926 617 987 ob
644 923 737 988 illum
762 925 851 988 diem
879 923 1008 989 fierint
1035 924 1172 1006 quidam
1196 934 1317 1007 putant
1344 943 1422 986 cum

221 1011 333 1073 iosuae
360 1012 463 1073 solem
491 1011 608 1074 orabat
628 1021 715 1074 stare
733 1012 935 1075 credendum
959 1022 1017 1075 est.
1033 1013 1113 1093 quia
1135 1012 1190 1074 ille
1210 1013 1281 1074 dies
1304 1011 1367 1074 fuit
1388 1021 1424 1072 et

220 1099 375 1179 preteriit.
392 1100 449 1161 sed
467 1097 510 1160 ab
526 1099 588 1160 hoc
604 1099 724 1161 dicitur
739 1097 916 1162 bissextus.
932 1100 1022 1180 quod
1040 1100 1072 1161 in
1089 1118 1289 1180 unoquoque
1306 1117 1423 1159 mense

220 1194 362 1267 punctus
379 1205 462 1247 unus
479 1186 603 1248 crescit.
650 1187 795 1249 Functus
811 1206 890 1248 uero
913 1206 998 1248 unus
1020 1198 1138 1267 quarta
1154 1206 1229 1267 pars
1245 1186 1347 1247 horae
1362 1195 1423 1247 est.

221 1272 294 1333 iiii⁰r
309 1293 388 1334 uero
412 1274 524 1353 puncti
547 1292 648 1335 unam
674 1272 790 1335 horam
817 1272 948 1336 faciunt.
965 1274 1014 1335 xii
1041 1292 1119 1335 uero
1143 1274 1256 1354 puncti
1273 1273 1306 1333 iii
1323 1272 1424 1333 horas

222 1446 321 1509 Diem
346 1445 471 1509 faciunt
487 1466 590 1508 unum
606 1447 663 1528 qui
680 1447 814 1510 additur
837 1447 1008 1510 februario
1026 1446 1179 1528 Cumque
1197 1449 1229 1509 vi
1245 1445 1307 1508 kal.
1327 1456 1422 1507 mart

220 1533 371 1595 habuerit
387 1543 421 1595 et
437 1543 473 1596 ut
487 1536 519 1594 in
535 1535 679 1596 crastino
696 1535 742 1595 sic
758 1534 881 1596 habeat
896 1534 988 1597 uerbi
1004 1536 1111 1616 gratia
1134 1534 1160 1595 si
1184 1534 1284 1596 hodie
1299 1533 1332 1595 vi
1355 1531 1422 1595 kal.

221 1630 314 1682 mart.
339 1620 473 1683 additur
499 1620 554 1682 ille
580 1620 652 1682 dies
677 1621 734 1701 qui
759 1630 878 1703 quarto
905 1641 993 1683 anno
1017 1621 1172 1703 expletus
1194 1629 1305 1683 estut
1329 1630 1362 1682 et
1387 1620 1421 1681 in

219 1707 363 1769 crastino
386 1707 432 1770 sic
456 1707 578 1769 habeat
600 1708 632 1770 vi
656 1707 719 1769 kal.
737 1718 831 1770 mart.
849 1718 883 1770 et
909 1709 986 1770 ideo
1012 1708 1182 1770 bissextus
1206 1707 1327 1770 dicitur
1341 1707 1422 1787 quia

221 1792 270 1855 bis
288 1793 407 1874 legitur
422 1795 453 1856 vi
471 1793 533 1856 kal.
552 1804 645 1857 mart.

264 1878 376 1961 Quare
392 1878 428 1942 fit
444 1880 612 1944 bissextus
627 1890 661 1943 et
676 1882 847 1963 quomodo
863 1880 900 1945 fit
915 1892 949 1944 et
963 1882 1043 1963 quid
1067 1890 1154 1944 esset
1170 1882 1196 1943 si
1213 1901 1278 1943 non
1296 1881 1419 1942 suisset.

264 1966 376 2049 Quare
393 1968 425 2029 id
439 1977 488 2030 est
504 1969 582 2049 quia
598 1988 663 2030 non
681 1969 821 2050 implent
838 1968 955 2031 ccclxv
971 1969 1041 2032 dies
1057 1968 1198 2031 solarem
1214 1988 1341 2030 annum
1358 1968 1419 2029 nisi

220 2053 334 2116 suisset
350 2056 524 2134 quadrans.
572 2055 625 2117 Fit
641 2056 808 2136 quadrans
824 2075 883 2137 per
906 2065 1013 2119 totum
1031 2075 1155 2118 annum
1172 2064 1205 2118 et
1222 2074 1370 2117 mensem
1386 2065 1419 2116 et

219 2141 316 2203 diem.
363 2141 473 2203 Primo
498 2161 586 2203 anno
611 2143 726 2223 incipit
756 2142 923 2223 quadrans
949 2164 969 2205 a
993 2143 1072 2204 solis
1102 2162 1221 2205 occasu
1251 2162 1356 2222 usque
1387 2142 1418 2202 in

221 2228 365 2290 mediam
390 2238 531 2291 noctem.
578 2229 701 2311 Incipit
717 2231 885 2309 quadrans
908 2230 986 2292 anni
1009 2229 1146 2291 secundi
1161 2249 1181 2290 a
1198 2230 1308 2291 media
1323 2238 1419 2290 nocte

219 2334 322 2396 usque
338 2315 380 2376 ad
397 2314 475 2377 solis
491 2325 609 2378 ortum.
655 2314 832 2397 Quadrans
855 2317 939 2378 terni
962 2316 1040 2379 anni
1065 2337 1085 2378 a
1109 2314 1188 2378 solis
1212 2326 1294 2379 ortu.
1316 2334 1419 2397 usque

219 2402 261 2463 ad
294 2411 424 2463 sextam
456 2402 580 2464 horam.
641 2401 818 2484 Quadrans
849 2404 1000 2484 quaterni
1031 2403 1109 2465 anni
1147 2422 1167 2464 a
1204 2412 1302 2464 sexta
1340 2401 1420 2463 hora

219 2508 323 2568 usque
353 2489 395 2550 ad
426 2488 504 2550 solis
531 2509 695 2552 occasum.
741 2490 945 2553 Turbaretur
975 2490 1057 2552 ordo
1087 2499 1275 2571 temporum
1300 2489 1328 2550 si
1354 2508 1418 2550 non

219 2574 333 2637 fuisset
360 2575 534 2655 quadrans.
582 2574 759 2657 Quadrans
785 2597 929 2659 namque
956 2578 1083 2640 dicitur.
1100 2587 1220 2656 quarta
1244 2596 1320 2657 pars
1345 2575 1419 2638 diei.

218 2749 249 2810 vi
266 2750 433 2828 quadrans
449 2759 605 2812 consuete
620 2761 769 2813 uocatus.

264 2834 317 2896 De
343 2833 492 2898 bissexto
517 2838 659 2917 primum
686 2838 782 2899 nobis
810 2837 1081 2919 interrogandum
1109 2848 1160 2899 est
1186 2836 1328 2918 qualiter
1355 2837 1418 2898 bis·

219 2932 344 2984 sextus
362 2933 418 2985 aut
435 2923 514 3004 quid
531 2923 631 2986 efficit
648 2925 842 2987 bissextum.
859 2934 917 2987 aut
940 2926 982 2987 de
1004 2924 1093 3006 quali
1119 2925 1257 2986 materia
1281 2923 1421 2985 efficitur

218 3019 252 3070 et
268 3010 356 3071 unde
372 3009 515 3090 primum
532 3012 649 3091 coepit.
666 3020 699 3074 et
714 3021 876 3092 quantum
900 3012 943 3074 dc
966 3010 1022 3074 illo
1038 3012 1153 3074 crescit
1170 3011 1202 3072 in
1219 3029 1419 3092 unoquoque

219 3115 316 3158 anno,
332 3106 365 3158 et
380 3106 542 3176 quantum
567 3099 599 3159 in
624 3117 825 3180 unoquoque
841 3100 902 3161 dic.
918 3107 951 3160 et
975 3099 1008 3160 in
1033 3117 1234 3179 unoquoque
1258 3117 1371 3159 mense
1387 3104 1421 3159 et

220 3183 252 3245 in
279 3202 347 3263 quo
372 3182 453 3244 loco.
477 3193 510 3246 et
537 3185 569 3245 in
595 3205 661 3265 qua
684 3187 738 3248 die
761 3186 913 3248 datarum
941 3186 1083 3267 ponitur.
1108 3187 1169 3247 iste
1194 3184 1372 3247 bissextus,
1387 3193 1420 3245 et

220 3269 293 3350 quis
324 3269 467 3350 primum
503 3271 629 3333 inuenit
660 3272 855 3335 bissextum.
916 3273 1090 3335 Bisscxtus
1128 3292 1207 3352 ergo
1246 3280 1420 3352 propterea

220 3357 340 3419 dicitur
355 3367 490 3438 propter
513 3358 562 3419 bis
591 3357 749 3421 kalendas
777 3360 973 3421 nominatas.
990 3360 1037 3422 sic
1061 3359 1148 3420 enim
1174 3358 1294 3420 dicitur
1309 3359 1339 3419 vi
1357 3356 1420 3420 kal.

218 3443 318 3505 hodie
333 3445 364 3505 vi
381 3443 443 3505 kal.
460 3464 541 3505 cras,
554 3445 605 3506 uel
622 3455 797 3526 propterea
817 3445 937 3508 dicitur
952 3446 1120 3508 bissextus
1136 3447 1168 3508 id
1185 3455 1236 3507 cst
1252 3446 1420 3507 bissextus

218 3531 338 3591 sexies
386 3530 511 3593 Sextus
538 3543 650 3593 autem
676 3533 760 3594 duas
786 3532 884 3595 horas
905 3532 1078 3613 significat.
1105 3534 1192 3594 duae
1217 3552 1295 3613 ergo
1320 3532 1420 3593 horae

218 3715 393 3786 propterca
430 3706 549 3766 dicitur
587 3705 754 3768 bissextus
802 3707 896 3787 quasi
945 3706 1113 3769 bissextus
1151 3707 1269 3768 sexies.
1331 3704 1418 3767 Nam

218 3800 336 3854 sextus
363 3792 438 3853 ideo
465 3792 584 3854 dicitur
605 3793 682 3873 quia
710 3813 786 3875 pars
811 3795 893 3855 assis
914 3802 971 3856 est.
988 3793 1050 3855 hoc
1077 3805 1128 3855 est
1151 3794 1237 3856 duae
1260 3793 1377 3855 unciae
1393 3791 1420 3853 si

219 3879 251 3939 in
274 3879 483 3960 ponderibus.
510 3880 542 3940 in
568 3890 718 3960 tempore
742 3889 854 3942 autem
879 3881 962 3942 duas
987 3880 1084 3942 horas
1109 3878 1282 3961 significat.
1329 3877 1418 3960 Quid

217 3986 297 4047 ergo
334 3966 436 4028 efficit
473 3966 669 4028 bissextum.
693 3966 756 4028 hoc
794 3976 844 4030 est
881 3967 1020 4029 tarditas
1058 3986 1171 4029 cursus
1201 3966 1288 4029 solis
1337 3966 1419 4027 lnde

219 4054 417 4134 augustinus
444 4054 532 4115 dicit.
564 4054 655 4115 breui
693 4064 805 4116 autem
845 4064 878 4120 ct
915 4055 1044 4134 uulgari
1074 4055 1202 4116 ratione
1233 4053 1418 4115 bissextum

220 4141 400 4202 retardatio
438 4150 575 4221 generat
612 4140 699 4202 solis,
728 4160 794 4202 non
828 4141 871 4202 ad
903 4142 1044 4203 eandem
1080 4140 1201 4203 lineam
1241 4139 1323 4202 caeli
1363 4159 1420 4220 per

218 4228 335 4290 ccclxv
362 4228 433 4290 dies
460 4228 558 4309 plene
588 4228 755 4290 redeuntis
786 4247 805 4289 a
834 4247 901 4308 qua
932 4228 1078 4291 recurrit.
1139 4226 1418 4308 interrogandum

217 4326 267 4377 est
294 4335 373 4396 ergo
401 4316 462 4377 iste
486 4317 653 4396 quadrans
678 4315 720 4377 de
744 4335 811 4396 quo
834 4314 1002 4378 bissextus
1028 4315 1179 4378 nascitur.
1197 4314 1230 4376 in
1254 4334 1322 4395 quo
1345 4312 1419 4375 loco

675 4523 682 4555 ¹
701 4526 833 4576 corrected
846 4536 873 4575 to
884 4528 945 4590 ipsa.
