3038 5106
458 365 512 415 DE
539 366 717 418 COMPUTO
740 366 1040 417 ECCLESIASTICO.

324 516 491 601 Quattuor
506 519 592 582 dene
842 520 967 583 cubant
983 521 1015 581 in
1031 520 1168 601 quadris

325 606 489 687 Septenos
506 608 579 670 idus
842 615 954 688 septos
970 607 1098 689 eligunt

323 692 411 756 Sene
427 693 570 756 kalende
842 694 1025 756 sortiuntur
1040 703 1152 756 ternos

323 780 428 842 Denis
445 781 591 862 septenis
841 780 970 843 donant
989 781 1089 843 assim

324 865 432 929 Pridie
455 887 560 929 nonas
843 866 942 930 docte
964 867 1132 948 quaternis

324 954 421 1015 None
438 953 581 1017 kalende
841 974 986 1035 namque
1001 954 1148 1036 septenis

324 1040 432 1103 Pridie
448 1041 521 1103 idus
841 1041 999 1124 panditur
1013 1041 1123 1122 quinis

323 1126 457 1209 Aprelis
473 1128 632 1190 kalendas
839 1128 1000 1208 exprimit
1015 1147 1101 1189 unus

322 1214 505 1277 Duodenas
521 1235 666 1296 namque
840 1214 938 1277 docte
953 1214 1122 1295 quaternis

323 1302 478 1384 Speciem
502 1303 653 1383 quintam
844 1322 1015 1383 speramus
1031 1301 1161 1363 duabus

322 1388 494 1469 Quartane
506 1388 648 1451 kalende
838 1389 985 1470 quinque
1007 1388 1177 1451 coniciunt

323 1475 476 1557 Speciem
500 1473 669 1557 quintam†
842 1495 1013 1557 speramus
1036 1470 1193 1547 duabusl

194 1636 230 1701 Si
247 1656 345 1699 nosse
362 1637 411 1699 uis
427 1646 509 1719 quot
529 1638 606 1700 anni
629 1637 672 1699 ab
691 1638 918 1701 incarnatione
933 1637 1060 1700 domini
1077 1637 1152 1698 sint.
1169 1636 1254 1698 scito
1270 1645 1352 1716 quot

150 1724 283 1787 ordines
299 1723 420 1786 fuerint
444 1725 662 1787 indictionum
683 1732 800 1807 utpote
818 1725 935 1805 quinto
954 1744 1043 1786 anno
1059 1722 1179 1805 tyberii
1195 1723 1351 1805 principis

150 1811 221 1873 xlvi
237 1810 298 1873 hos
314 1831 373 1892 per
388 1832 434 1873 xv
449 1811 633 1893 multiplica
658 1810 742 1874 fiunt
770 1811 830 1874 Dc.
848 1832 891 1874 xc
912 1812 1000 1874 adde
1026 1830 1159 1893 semper
1185 1809 1352 1891 regulares

150 1898 198 1961 xii
215 1897 293 1979 quia
309 1898 371 1960 iiiia
387 1898 568 1960 indictione
591 1899 746 1961 dominus
773 1908 871 1961 natus
895 1906 953 1960 est.
969 1898 1154 1961 secundum
1171 1897 1351 1959 dionisium

151 1994 183 2047 et
199 1984 414 2046 indictionem
431 1986 509 2047 anni
524 1987 616 2048 cuius
632 1985 784 2049 uolueris.
800 1994 918 2067 utpote
941 1986 1017 2046 imam
1033 1984 1118 2048 fiunt
1142 1985 1223 2047 Dec.
1241 1984 1274 2045 iii
1299 1983 1351 2045 isti

150 2074 227 2133 anni
243 2072 427 2134 natiuitatis
443 2072 579 2134 domini.

196 2156 231 2222 Si
259 2158 342 2220 scire
368 2158 418 2221 uis
445 2167 549 2240 quota
573 2158 711 2222 indictio
736 2159 779 2221 sit
805 2178 900 2221 sume
926 2178 1032 2221 annos
1058 2157 1187 2220 domini
1214 2154 1353 2220 adiectis

151 2245 258 2307 tribus
274 2244 396 2326 partire
411 2265 471 2327 per
487 2266 540 2307 xv.
556 2254 591 2308 et
613 2254 696 2327 quot
722 2246 925 2309 remanserit.
941 2246 1013 2327 ipsa
1032 2254 1084 2308 est
1111 2243 1249 2307 indictio
1274 2242 1351 2305 anni

151 2333 334 2414 praesentis
350 2332 377 2393 si
394 2332 474 2395 nihil
491 2353 546 2394 xv.
562 2333 631 2395 erit

197 2417 232 2482 Si
249 2419 331 2480 scire
347 2420 398 2481 uis
413 2429 535 2498 quotus
552 2420 594 2482 sit
610 2439 717 2482 annus
732 2418 816 2500 cycli
842 2417 1121 2482 decennouenalis
1136 2436 1231 2481 sume
1248 2437 1353 2479 annos

152 2505 278 2567 domini
289 2525 391 2567 unum
408 2507 554 2569 adiciens
570 2508 729 2587 quoniam
745 2507 892 2569 secundo
908 2506 1069 2569 eiusdem¹
1085 2502 1190 2589 (anno
1206 2502 1264 2586 [so.
1282 2520 1352 2567 21v.

152 2600 250 2654 natus
275 2602 326 2654 est
350 2593 512 2655 dominus
530 2595 652 2675 partire
676 2613 736 2675 per
751 2593 813 2655 xix
830 2601 863 2655 et
879 2603 961 2674 quot
988 2592 1182 2655 remanserit
1207 2588 1288 2673 ipsi†
1303 2598 1353 2653 est

153 2698 261 2741 annus
276 2678 360 2761 cycli
377 2681 663 2743 decennouenalis.

198 2764 235 2828 Si
252 2785 452 2847 cognoscere
469 2768 518 2828 uis
536 2777 658 2848 quotus
674 2766 788 2849 cyclus
804 2766 927 2829 lunaris
943 2774 993 2828 est
1009 2774 1086 2828 tene
1102 2784 1208 2827 annos
1224 2763 1353 2826 domini

154 2853 238 2915 duos
263 2852 462 2916 subtrahens
487 2855 599 2917 diuide
626 2874 685 2936 per
710 2854 781 2916 xix.
807 2862 840 2916 et
865 2861 947 2935 quot
978 2852 1173 2915 remanserit
1200 2852 1272 2934 ipse
1303 2860 1353 2913 est

155 2958 261 3001 annus
278 2940 362 3021 cycli
379 2939 510 3003 lunaris.
526 2941 553 3002 si
570 2941 650 3003 nihil
667 2940 753 3003 xix.¹

200 3024 236 3090 Si
263 3027 314 3088 uis
345 3028 493 3088 inuenire
523 3038 646 3109 quotae
676 3027 742 3090 sint
772 3036 910 3109 aepacte
941 3024 1063 3088 lunaris
1095 3027 1218 3106 partire
1248 3044 1354 3087 annos

155 3113 282 3175 domini
298 3133 357 3195 per
372 3115 444 3176 xix.
459 3132 492 3175 et
509 3124 591 3195 quot
608 3115 801 3176 remanserit
817 3113 1003 3195 multiplica
1025 3133 1084 3196 per
1107 3114 1152 3176 xi.
1169 3112 1351 3175 identidem

154 3199 268 3261 diuide
284 3220 342 3281 per
357 3213 459 3262 xxxa.
477 3211 510 3263 et
526 3211 700 3264 remanent
715 3210 881 3282 aepactae.

199 3285 235 3350 Si
252 3287 302 3348 uis
318 3287 400 3349 scire
419 3298 651 3350 concurrentes
673 3289 860 3371 septimane
882 3287 947 3350 diei
971 3306 1065 3348 surne
1088 3305 1194 3348 annos
1217 3284 1354 3348 domini.

155 3384 187 3435 et
215 3374 394 3436 eorundem
423 3385 576 3455 quartam
604 3385 731 3457 partem
746 3376 848 3439 adice.
876 3373 926 3436 his
957 3393 1090 3454 quoque
1121 3373 1195 3434 iiii⁰r
1225 3372 1353 3435 addens

155 3460 232 3542 quia
248 3481 269 3522 v
284 3472 517 3524 concurrentes
535 3461 666 3525 luerunt
682 3483 770 3524 anno
794 3461 978 3525 natiuitatis
993 3461 1130 3523 domini.
1146 3459 1208 3523 hos
1231 3460 1356 3541 partire

155 3568 212 3629 per
227 3547 279 3610 vii.
292 3556 325 3610 et
342 3558 514 3611 remanent
530 3545 714 3631 aepactael

199 3632 234 3697 Si
262 3637 485 3716 argumentari
513 3636 563 3697 uis
593 3636 734 3698 solarem
773 3634 903 3717 cyclum
942 3654 1036 3697 sume
1073 3653 1179 3695 annos
1216 3632 1353 3695 domini.

155 3740 258 3783 unum
285 3722 431 3784 adiciens
462 3723 575 3785 diuide
605 3743 664 3805 per
693 3723 800 3784 xxviii
831 3732 864 3783 et
892 3731 994 3784 restat
1021 3718 1081 3782 tibi
1112 3719 1226 3802 cyclus
1256 3739 1353 3801 prae·

149 3808 267 3871 dictus,

198 3894 234 3959 Si
257 3895 308 3957 uis
330 3895 413 3957 scire
435 3905 557 3976 quotus
580 3916 686 3958 annus
710 3897 753 3958 sit
776 3917 795 3958 a
817 3895 968 3958 bissexto
984 3915 1079 3957 sume
1094 3914 1200 3956 annos
1216 3893 1353 3956 domini.

153 3982 214 4045 hos
230 3981 342 4044 diuide
359 4003 417 4064 per
433 3983 512 4045 iiii01'.
530 3993 612 4064 quot
628 3984 847 4046 remanserint
863 3992 913 4046 tot
936 3991 1014 4045 sunt
1040 3980 1119 4044 anni
1144 4001 1164 4042 a
1190 3980 1351 4043 bissexto.

153 4071 180 4132 si
198 4068 277 4131 nihil
294 4077 365 4131 tum
382 4068 558 4132 bissextus

199 4156 263 4218 His
290 4177 369 4238 ergo
394 4158 436 4219 ad
460 4167 586 4220 certum
611 4157 755 4219 inuentis
784 4156 880 4219 facile
902 4156 992 4218 diem
1016 4154 1141 4236 pasche
1168 4153 1352 4235 lunamque

153 4242 326 4325 repperies.
351 4242 450 4326 Quod
474 4245 502 4305 si
526 4265 545 4306 a
568 4246 732 4326 praesenti
756 4253 832 4326 post
856 4242 983 4325 aliquot
1006 4262 1111 4305 annos
1134 4241 1227 4303 uerbi
1244 4240 1353 4322 gratia

183 4479 193 4513 ¹
210 4482 324 4531 Another
335 4482 402 4531 hand
414 4482 459 4530 has
470 4483 562 4541 added,
574 4485 655 4534 above
665 4484 708 4534 the
719 4484 779 4545 line,
791 4484 834 4533 the
845 4484 928 4533 words
941 4482 1058 4532 “scilicet
1067 4480 1157 4531 anm'.”

182 4546 193 4579 ²
210 4549 335 4597 “Scilicet
345 4546 415 4596 err't“
427 4548 510 4597 added
520 4549 601 4599 above
612 4550 671 4600 line.
