3038 5106
311 376 356 425 VI.
387 376 471 427 KAL.
502 375 580 427 ΙΑΝ.
612 375 699 426 ΝΑΤ.
731 377 758 427 S.
790 374 979 426 IOHANNIS
1004 374 1143 425 EUANG.
1280 384 1325 435 147

123 594 202 677 svn.
216 594 308 659 Kar.
322 594 402 659 lau.
415 592 724 659 Narnnssmcn
743 593 939 658 Str-:susm
959 590 1231 673 Mamimslfo.
1253 604 1321 671 105.

174 724 227 786 Da
259 723 355 787 nobis
376 744 557 805 quesumus
582 722 730 787 domine¹
753 724 843 803 quod
871 721 1016 784 colimus.
1041 730 1078 783 ut
1101 720 1268 783 discamus
1291 735 1323 781 et

127 810 280 873 inimicos
294 811 439 893 diligere.
454 812 532 892 quia
547 811 617 874 eius
633 809 788 872 natalicia
803 808 1028 872 caelebramus
1042 808 1098 889 qui
1116 808 1209 870 nouit
1224 808 1322 869 etiam

127 918 189 981 pro
204 897 468 979 persecutoribus
479 917 626 961 exorare.
643 897 826 960 dominum.

662 1029 799 1093 Secreta.

174 1141 312 1225 Suscipe
338 1142 473 1205 dominc
498 1161 633 1204 munera
655 1162 716 1224 pro
738 1152 871 1205 tuorum
895 1141 1209 1204 commemoratione
1232 1160 1325 1202 sanc-

126 1240 238 1293 torum
272 1239 309 1292 ut
345 1231 436 1311 quod
475 1229 548 1291 illos
585 1230 696 1311 passio
732 1228 901 1311 gloriosos,
939 1249 999 1291 nos
1036 1229 1172 1290 deuotio
1210 1228 1326 1290 reddat

127 1315 297 1380 innocuos.
313 1338 372 1400 per
387 1316 569 1379 dominum.

637 1449 817 1531 Praefatio.

110 1630 113 1635 ,
152 1561 225 1625 'OE
248 1570 381 1624 aeterne
405 1560 495 1623 deus.
559 1561 652 1624 Beati
676 1562 828 1643 stephani
853 1562 973 1624 leuitae
996 1561 1093 1624 simul
1118 1571 1150 1623 et
1175 1560 1328 1641 martyris

129 1646 286 1711 natalicia
309 1647 499 1710 recolentes.
525 1648 582 1729 qui
606 1647 681 1711 fidei
704 1650 760 1731 qui
784 1669 895 1711 sacrae
919 1648 1056 1710 militiae
1078 1648 1135 1730 qui
1158 1649 1326 1729 dispensa·

129 1735 232 1799 tionis
246 1746 280 1798 et
295 1735 456 1797 castitatis
473 1736 632 1816 egregiae.
648 1737 705 1818 qui
729 1736 982 1817 praedicationis
1005 1735 1228 1815 mirabilisque
1250 1754 1328 1796 con·

129 1822 282 1885 stantiae.
298 1822 354 1902 qui
378 1821 593 1884 consessionis
614 1842 652 1884 ac
672 1824 831 1905 patientie
853 1822 947 1884 nobis
968 1822 1125 1903 exempla
1141 1822 1329 1883 ueneranda

130 1909 312 1992 proposuit.
368 1908 413 1971 Et
446 1909 520 1972 ideo
552 1910 761 1972 natiuitatem
797 1909 852 1971 filii
885 1911 933 1972 tui
962 1911 1079 1972 merito
1108 1928 1186 1991 prae
1213 1909 1330 1969 ceteris

132 1996 297 2078 passionis
319 2016 399 2057 suae
419 1995 598 2058 sestiuitate
623 1997 839 2078 prosequitur.
867 1997 959 2058 cuius
984 1996 1108 2077 gloriae
1129 1995 1330 2077 sempiterne

132 2083 260 2165 primus
276 2093 402 2164 martyr
417 2083 567 2146 occurrit.
591 2103 649 2165 per
663 2103 772 2165 quem.

582 2221 613 2283 A
617 2219 643 2282 d
653 2219 877 2302 corrmlcndum.

179 2332 393 2395 Auxilientur
416 2333 511 2396 nobis
534 2334 669 2396 domine
699 2342 833 2415 sumpta
858 2333 1023 2414 mysteria.
1050 2343 1083 2396 et
1109 2333 1331 2394 intercedente

133 2420 234 2483 beato
249 2419 413 2501 stephano
429 2431 573 2502 martyre
597 2432 663 2484 tuo.
682 2422 883 2502 sempiterna
906 2420 1112 2501 protectione
1128 2418 1331 2481 confirment.

133 2526 201 2591 per.

611 2644 673 2708 Ad
685 2658 858 2728 msperurrr.

179 2752 403 2839 Omnipotens
418 2758 618 2838 sempiterne
640 2759 722 2821 deus
737 2758 793 2839 qui
810 2757 971 2839 primitias
989 2766 1171 2836 martyrum
1188 2756 1220 2817 in
1245 2756 1332 2818 beati

134 2842 257 2905 leuitae
287 2843 439 2924 stephani
470 2845 631 2925 sanguine
660 2845 831 2907 dedicasti.
862 2844 969 2906 tribue
996 2863 1175 2924 quesumus
1208 2853 1243 2905 ut
1274 2863 1334 2923 pro

133 2930 230 2993 nobis
264 2930 459 2993 intercessor
490 2932 622 2994 existat.
656 2933 712 3013 qui
746 2952 806 3014 pro
836 2932 903 2993 suis
937 2931 1037 2993 etiam
1072 2930 1333 3011 persecutoribus

131 3017 295 3081 exorauit
311 3017 492 3081 dominum.

155 3218 319 3281 v1.Kar.
345 3219 423 3283 Ins.
449 3218 603 3282 Narnue
628 3218 768 3283 §.rs-cn
795 3218 984 3281 Ionnums
1009 3216 1311 3280 Eunsosnsms.

180 3346 363 3410 Ecclesiam
380 3358 472 3411 tuam
489 3348 623 3411 domine
639 3347 816 3429 [benignus
838 3346 983 3408 inlustra.
1001 3356 1036 3407 ut
1061 3345 1147 3407 beati
1165 3342 1221 3426 [so.
1242 3360 1333 3423 103v.

133 3434 286 3495 iohannis
316 3436 540 3517 euangelistae
571 3436 766 3498 inluminata
789 3433 954 3496 doctrinis,
980 3433 1021 3495 ad
1049 3433 1137 3495 donn
1163 3433 1332 3512 perueniat

134 3520 345 3602 sempiterna.
361 3542 420 3604 per
435 3522 617 3584 dominum.

669 3656 804 3719 Secreta.

180 3762 320 3846 Suscipe
356 3785 492 3829 munera
525 3768 659 3831 domine
694 3788 779 3849 quae
811 3768 842 3828 in
880 3767 950 3828 eius
988 3765 1047 3827 tibi
1086 3762 1332 3844 sollempnitate

134 3848 323 3914 deserimus.
353 3854 447 3916 cuius
470 3874 531 3917 nos
553 3854 751 3918 confidimus
775 3854 958 3936 patrocinio
984 3851 1121 3913 liberari.
1147 3869 1204 3931 per
1227 3849 1332 3910 dorni·

133 3956 223 4000 num.

642 4061 824 4141 Praefalin

181 4169 231 4233 (θ
253 4179 386 4234 aeterne
401 4173 494 4237 deus.
540 4174 633 4238 Beati
649 4173 792 4257 apostoli
809 4172 856 4236 tui
878 4182 911 4235 et
934 4170 1158 4251 euangelistae
1182 4167 1332 4229 iohannis

137 4256 328 4320 ueneranda
342 4260 500 4323 natalicia
514 4273 730 4325 recensentes.
776 4258 843 4341 Qui
859 4259 984 4322 domini
1001 4256 1104 4319 nostri
1128 4256 1196 4317 iesu
1220 4254 1331 4316 christi

139 4340 197 4405 filii
220 4343 267 4406 tui
291 4347 465 4410 uocatione
488 4359 649 4431 suscepta
665 4359 832 4411 terrenum
856 4347 980 4427 respuit
1004 4354 1140 4427 patrem.
1158 4353 1194 4405 ut
1221 4350 1333 4423 posset

136 4428 285 4493 inuenire
306 4432 492 4498 caelestem.
548 4434 704 4519 Adeptus
728 4435 760 4497 in
785 4453 886 4515 regno
909 4432 1074 4495 caelorum
1098 4429 1211 4492 sedem
1235 4447 1330 4511 apos-

491 4563 598 4613 Inu'tan‘
607 4562 711 4614 omitted
723 4562 749 4612 in
761 4562 818 4611 MS.
832 4570 857 4611 at
869 4560 917 4611 end
929 4560 958 4609 ol
966 4558 1024 4608 line.
1135 4636 1158 4687 1,

1188 4640 1207 4685 2
