3038 5106
535 333 585 383 ID.
616 332 694 384 IAN.
723 333 810 385 ΒΕΓ.
840 333 995 385 illlam!
1020 334 1079 386 ΕΡ.

539 512 711 602 [Narnia
733 517 875 585 Snucrr
898 516 1077 600 an1r11.¹]

247 637 470 720 Omnipotens
486 638 687 719 sempiterne
701 640 792 702 deus.
808 639 859 702 cui
876 646 995 702 cuncta
1011 637 1213 701 famulantur
1227 637 1407 701 elementa.

203 724 429 788 intercedente
449 745 509 806 pro
525 724 620 787 nobis
636 725 735 789 beato
750 725 868 788 basilio
884 725 1072 789 consessore
1087 735 1146 788 tuo
1168 734 1269 806 atque
1291 725 1407 807 ponti-

204 811 273 875 fice.
289 811 412 874 exaudi
429 811 590 893 propitius
606 813 789 875 orationem
807 821 955 876 nostram
976 821 1010 875 et
1032 812 1140 875 tribue
1156 812 1251 874 nobis
1276 812 1406 874 miseri-

202 899 349 961 cordiam
366 908 467 961 tuam.
483 908 517 961 et
532 917 761 981 quaecumque
784 900 946 983 praecipis
961 909 999 963 ut
1013 918 1161 982 agamus.
1185 899 1256 980 ipse
1278 899 1406 961 adiuua

201 997 237 1049 ut
253 985 389 1067 implere
405 986 577 1068 possimus.
594 1006 652 1068 per
667 987 848 1050 dominum.

731 1138 868 1204 Secreta.

246 1252 384 1315 Hostias
402 1250 460 1313 tibi
477 1252 612 1315 domine
636 1252 723 1315 beati
746 1251 852 1315 basilii
876 1252 1072 1316 confessoris
1095 1252 1143 1316 tui
1166 1262 1266 1334 atque
1290 1252 1405 1334 ponti·

200 1337 270 1403 licis
299 1339 427 1402 dicatas
450 1339 575 1401 meritis
605 1338 767 1422 benignus
793 1359 933 1403 assume.
957 1348 991 1403 et
1013 1340 1056 1402 ad
1080 1349 1277 1422 perpetuum
1302 1338 1404 1402 nobis

198 1425 306 1490 tribue
322 1426 495 1508 prouenire
510 1425 702 1490 subsidium.
719 1447 777 1509 per
791 1427 973 1490 dominum.

716 1587 897 1668 Praefatae.

243 1700 293 1764 (θ
309 1709 441 1763 aeterne
457 1700 547 1764 deus.
593 1701 639 1764 Et
651 1701 683 1763 in
700 1700 761 1763 hac
777 1699 953 1783 praecipue
967 1700 1022 1763 die
1037 1719 1137 1781 quarn
1151 1701 1291 1764 transitu
1303 1721 1403 1764 sacro

200 1785 289 1849 beati
305 1786 501 1850 confessoris
517 1788 565 1851 tui
581 1787 687 1850 basilii
704 1787 910 1850 consecrasti.
950 1785 1141 1868 Quesumus
1157 1807 1236 1869 ergo
1252 1787 1399 1850 clemen·

199 1873 281 1936 tiam
297 1883 389 1937 tuam
407 1885 443 1936 ut
458 1873 517 1936 des
534 1874 628 1937 nobis
645 1873 734 1937 illam
751 1874 843 1956 sequi
859 1874 1053 1937 doctrinam.
1064 1894 1164 1957 quarn
1180 1874 1236 1937 ille
1251 1885 1285 1938 et
1294 1875 1403 1938 uerbo

199 1960 312 2023 docuit
329 1970 363 2025 et
378 1980 477 2043 opere
500 1961 688 2043 compleuit.
713 1960 879 2043 Quatinus
901 1980 962 2022 nos
984 1961 1134 2024 adiuuari
1157 1961 1247 2044 apud
1272 1962 1401 2024 miseri·

199 2046 346 2109 cordiam
364 2057 455 2110 tuam
472 2046 520 2132 let
537 2048 701 2131 exemplis
714 2049 784 2110 eius
799 2048 981 2110 sentiamus
997 2057 1031 2111 et
1047 2048 1180 2112 meritis.
1226 2047 1283 2131 [s0.
1304 2064 1400 2127 107v.

197 2152 256 2215 per
276 2133 443 2198 christum.

646 2288 709 2352 Ad
719 2287 943 2370 cornplendum.

245 2397 347 2462 Sacro
362 2419 498 2463 munere
513 2400 623 2463 satiati
639 2399 805 2482 supplices
821 2409 855 2462 te
870 2398 1238 2480 dominedeprecamur.
1255 2406 1292 2461 ut
1307 2400 1402 2481 quod

201 2482 314 2563 debite
330 2487 498 2549 seruitutis
521 2486 747 2550 caelebramus
770 2485 886 2549 officio.
911 2485 1137 2548 intercedente
1159 2485 1258 2548 beato
1281 2485 1405 2550 basilio

201 2572 386 2635 consessore
432 2586 490 2637 tuo
527 2585 628 2654 atque
665 2573 830 2655 pontifice.
869 2572 1062 2635 saluationis
1100 2580 1178 2635 tuae
1215 2573 1403 2636 sentiamus

199 2672 424 2740 augmentum.
449 2681 507 2742 per
521 2661 706 2723 dominum.

418 2860 508 2924 Inus
535 2862 612 2923 IAN.
638 2861 841 2924 Durosmo
867 2860 1021 2923 liuntur
1046 2860 1225 2924 Eprscorr.

246 2986 337 3050 Deus
368 2989 461 3051 euius
493 2990 704 3053 miseratione
734 2989 965 3071 delinquentes
996 2999 1167 3051 mutantur
1196 2989 1238 3052 ad
1256 2990 1403 3052 ueniam.

202 3073 276 3135 iusti
294 3075 536 3138 transferuntur
558 3077 600 3139 ad
624 3076 780 3158 palmam.
804 3077 860 3158 qui
882 3075 1008 3138 infusus
1024 3077 1057 3137 in
1073 3076 1172 3138 corde
1187 3074 1276 3138 beati
1292 3075 1404 3138 hilarii

201 3161 357 3224 antistitis
382 3164 476 3243 quasi
500 3164 542 3225 dc
566 3173 624 3225 tuo
651 3163 777 3245 templo
807 3163 883 3226 fidei
915 3183 1073 3245 responsa
1099 3163 1228 3226 dedisti.
1253 3165 1405 3226 concede

201 3249 363 3329 propitius
379 3258 415 3311 ut
431 3250 487 3331 qui
504 3259 582 3312 tunc
604 3250 765 3330 inclytum
788 3249 1010 3312 consessorem
1027 3250 1131 3312 iecisti
1148 3270 1315 3312 caesarem
1334 3271 1401 3312 non

202 3334 325 3397 timere.
350 3337 420 3397 eius
444 3339 706 3399 intercessorem²
733 3338 776 3399 ab
807 3335 945 3417 spiritali
969 3337 1064 3399 hoste
1086 3337 1217 3419 plebem
1241 3346 1402 3418 protegas

200 3421 436 3485 obsecrantem.
454 3434 490 3486 ut
506 3425 597 3487 euius
613 3424 859 3506 sollempnitate
876 3424 1042 3504 tripudiat.
1053 3425 1123 3487 eius
1138 3425 1181 3486 sit
1197 3422 1264 3485 fida
1279 3444 1402 3505 praece

200 3507 344 3570 defensa.
363 3529 420 3590 per
436 3511 617 3573 dominum.

685 3706 687 3710 .
733 3650 867 3714 Secreta.

247 3760 483 3826 Uniuersitatis
507 3763 659 3826 conditor
682 3775 715 3826 et
748 3763 884 3825 humani
912 3763 1040 3844 generis
1072 3762 1267 3825 reformator
1290 3766 1399 3826 omni·

203 3858 321 3929 potens
355 3853 444 3913 deus.
472 3871 581 3913 annue
614 3871 795 3932 quesumus
825 3851 1005 3932 praecibus,
1031 3860 1067 3913 ut
1097 3850 1153 3932 qui
1182 3850 1339 3912 miramur
1364 3853 1397 3913 in

201 3936 338 3998 doctore
365 3937 454 4017 quod
486 3937 633 4000 colimus.
664 3958 849 4000 mereamur
879 3938 911 3999 in
943 3957 1079 3999 munere
1105 3957 1172 4019 quo
1198 3939 1398 4016 placeamus.

205 4021 247 4083 Et
272 4025 356 4086 sicut
384 4023 481 4085 beato
511 4024 628 4085 hilario
654 4024 840 4087 confessore
872 4036 930 4087 tuo
958 4033 1058 4105 atque
1084 4021 1241 4105 pontifice
1265 4023 1398 4087 dedisti.

200 4108 244 4170 da
260 4111 436 4173 aecclesiae
452 4113 671 4174 concordiam.
689 4112 882 4173 memoriam
907 4111 1083 4192 gloriosam
1107 4129 1147 4172 eo
1163 4109 1343 4173 obtinente.
1363 4124 1399 4174 ut

201 4195 395 4258 sacrificium
412 4208 560 4260 nostrum
578 4199 647 4259 eius
664 4199 789 4260 meritis
806 4197 865 4260 tibi
881 4198 1042 4261 efficiatur
1058 4207 1239 4278 acceptum.
1256 4217 1323 4279 per.

200 4438 225 4487 bl
236 4376 241 4402 ¹
259 4374 315 4487 {he
327 4390 392 4424 mass
403 4374 485 4424 which
494 4375 592 4424 follows
604 4376 648 4424 has
668 4391 701 4424 no
719 4376 828 4441 heading
848 4376 874 4425 in
891 4376 933 4425 the
947 4376 1015 4435 lis,
1028 4376 1072 4424 but
1084 4391 1099 4424 a
1110 4390 1184 4439 space
1195 4374 1223 4422 ol
1237 4390 1252 4422 a
1264 4374 1313 4423 line
1325 4375 1346 4423 is
1359 4376 1403 4425 lest

226 4453 257 4486 an
278 4475 285 4487 .

231 4503 242 4532 ²
258 4505 382 4568 Probably
393 4506 431 4555 sor
442 4506 617 4556 intercessione.
