3038 5106
473 374 565 425 DOM.
592 375 640 425 IN
660 374 963 427 SEPTUAGESIMA.

375 594 575 660 Dourmca
597 596 660 660 Vl.
684 610 774 659 rosa
797 596 1061 660 Tuaoruaum.

156 744 328 809 Conserua
343 746 504 829 populum
521 748 629 811 tuum¹
646 758 680 811 et
696 757 754 810 tuo
767 746 893 810 nomini
910 745 961 809 fac
973 745 1142 810 deuotum.
1154 754 1191 808 ut
1202 744 1324 808 diuinis

109 832 282 982 subigctus
297 832 416 897 officiis
431 846 465 899 et
480 835 679 918 temporalia
695 833 831 897 uiriliter
846 844 880 897 et
901 844 1035 896 aeterna
1050 834 1139 895 dona
1155 833 1322 915 percipiat.

111 938 171 999 per
209 940 370 985 ommum.

654 1032 791 1098 Secreta.

158 1152 254 1216 Haec
271 1174 332 1216 nos
347 1153 474 1218 oblatio
489 1155 572 1218 deus
588 1156 728 1218 mundet
751 1173 930 1236 quesumus
946 1163 979 1216 et
996 1163 1139 1216 renouet.
1156 1161 1189 1215 et
1205 1153 1323 1235 guber-

112 1250 171 1303 net
185 1249 221 1304 et
236 1251 399 1323 protegat.
415 1262 474 1323 per
489 1243 673 1307 dominum.

626 1395 808 1475 Praefatae.

158 1516 207 1581 ff)
232 1524 367 1578 aeterne
392 1515 484 1578 deus
529 1514 587 1578 Ad
613 1517 705 1577 cuius
730 1516 926 1578 immensam
951 1514 1094 1597 pertinet
1118 1515 1258 1596 gloriam
1284 1524 1319 1576 ut

112 1622 179 1665 non
195 1602 304 1665 solum
321 1603 516 1665 mortalibus
539 1612 597 1665 tua
620 1604 765 1684 piaetate
787 1599 1013 1683 lsuccurreres.
1030 1604 1088 1665 sed
1111 1603 1154 1665 de
1177 1602 1232 1683 [sb.
1248 1619 1322 1681 40v.

112 1690 186 1771 ipsa
209 1690 310 1752 etiam
335 1689 538 1753 mortalitate
560 1699 674 1752 nostra
698 1690 793 1751 nobis
817 1689 998 1751 remedium
1029 1690 1229 1770 prouideres
1276 1689 1321 1751 Et

110 1775 260 1857 perditos
274 1796 426 1858 quosque
441 1777 530 1840 unde
546 1777 710 1858 perierant
726 1777 803 1838 inde
821 1777 974 1839 saluares.
991 1796 1049 1858 per
1064 1777 1232 1839 christum.

568 1921 631 1984 Ad
640 1922 867 2002 complendum.

158 2044 366 2113 Caelestibus
408 2046 544 2110 domine
588 2048 676 2130 pasti
721 2048 856 2111 deliciis.
892 2067 1072 2130 quesumus
1110 2057 1147 2109 ut
1190 2066 1322 2127 semper

112 2132 249 2207 eadem†
275 2155 334 2217 per
358 2153 457 2216 quem
482 2135 643 2197 ueraciter
669 2136 813 2199 uiuimus
835 2146 1041 2217 appetamus.
1065 2155 1124 2215 per
1147 2136 1320 2198 dominum

114 2234 274 2286 nostrum.

581 2333 688 2415 Super
694 2333 859 2415 populum.

157 2452 290 2518 Adesto
303 2454 440 2517 domine
455 2452 608 2517 fidelibus
624 2455 700 2516 tuis.
713 2466 747 2517 et
759 2454 879 2535 quibus
892 2451 1155 2535 supplicantibus
1166 2451 1320 2514 fiduciam

113 2542 231 2691 tribulis
254 2542 429 2605 miseratus
452 2540 618 2604 allectum.
636 2542 781 2604 concede
804 2541 1061 2622 benignissimae
1084 2539 1321 2602 consolationis

113 2648 195 2692 auxi
208 2649 287 2692 rum.
305 2649 373 2712 per.

428 2825 628 2891 Domuica
652 2840 693 2889 m
719 2826 1018 2891 Saaruacasmm.

159 2978 298 3043 Praeces
326 2976 441 3060 populi
472 2978 520 3041 tui
551 2997 732 3060 quesumus
759 2977 894 3040 domine
921 2976 1102 3040 clementer
1128 2976 1258 3039 exaudi.
1285 2985 1321 3037 ut

113 3066 170 3147 qui
193 3067 300 3129 iustae
315 3085 377 3147 pro
392 3066 673 3147 peccatisnostris
696 3064 880 3146 affligimur.
897 3085 956 3147 pro
980 3065 1027 3127 tui
1052 3064 1194 3126 nominis
1217 3063 1322 3144 gloria

114 3154 369 3217 misericorditer
384 3151 567 3215 liberemur.
583 3172 649 3234 per.

648 3286 786 3352 Secreta.

159 3406 356 3472 Muneribus
385 3408 507 3471 nostris
531 3427 712 3490 quesumus
739 3408 874 3471 domine
900 3407 1119 3492 precibusque
1149 3408 1319 3489 susceptis,

114 3506 149 3561 et
161 3496 363 3561 caelestibus
379 3516 439 3559 nos
456 3496 582 3559 munda
598 3496 764 3578 mysteriis
780 3506 814 3559 et
828 3496 1010 3559 clementer
1024 3496 1159 3556 exaudi.
1174 3515 1239 3576 per.

627 3648 810 3728 Praefatio

158 3768 209 3833 G)
224 3776 359 3831 aeterne
374 3767 464 3832 deus.
511 3767 599 3850 Quia
621 3789 680 3850 pcr
695 3789 734 3831 ea
749 3787 835 3849 quae
851 3766 1100 3848 conspiciuntur
1117 3767 1319 3829 instruimur.

116 3854 235 3935 quibus
273 3854 382 3917 modis
425 3856 468 3918 ad
514 3856 690 3918 inuisibilia
734 3855 869 3917 tendere
907 3856 1096 3917 debeamus.
1168 3854 1321 3935 Denique

116 3960 368 4004 commonemur
381 3944 459 4004 anni
475 3943 619 4006 ducente
634 3962 787 4005 successu
803 3943 846 4004 de
870 3942 1054 4022 praeteritis
1078 3942 1119 4003 ad
1144 3940 1260 4003 lutura.
1278 3944 1320 4005 de

115 4038 282 4092 uetustate
299 4030 332 4091 in
348 4029 533 4092 nouitatem
551 4030 640 4092 uitae
655 4030 801 4091 transire.
850 4028 897 4092 Ut
913 4029 1049 4090 terrenis
1072 4030 1320 4091 sustentationi-

116 4115 177 4178 bus
200 4116 353 4197 expediti
376 4116 528 4179 caelestis
551 4116 631 4180 doni
656 4117 826 4198 capiamus
852 4115 1101 4179 desiderabilius
1126 4116 1320 4178 ubertatem.

117 4200 162 4265 Et
183 4222 243 4284 per
263 4222 341 4266 eum
358 4202 480 4284 cybum
503 4204 560 4284 qui
583 4202 750 4265 beneficiis
773 4213 970 4284 prorogatur
992 4202 1134 4265 alternis.
1150 4205 1320 4283 peruenia-

117 4290 247 4353 musad
271 4290 397 4354 uictum
413 4290 484 4353 sine
506 4289 572 4353 fine
595 4310 797 4353 mansurum.
821 4292 925 4352 iesum
957 4290 1115 4353 christum
1146 4290 1319 4352 dominum

116 4385 275 4441 nostrum

515 4557 525 4591 ¹
541 4561 652 4613 Domine
663 4562 786 4629 probably
798 4561 912 4612 omitted.
