3038 5106
220 336 271 399 264
668 334 779 385 MISSA
802 332 877 385 PRO
898 332 1005 385 PACE.

676 486 739 553 Ad
748 486 975 571 complendum.

267 606 322 670 Da
348 604 480 669 famulis
506 603 572 668 tuis
587 622 768 685 quesumus
782 601 918 666 domine
943 600 1098 667 omnibus
1121 604 1295 688 episcopis.
1319 604 1420 670 abba·

223 692 321 758 tibus.
353 690 533 755 monachis.
556 699 590 754 et
616 690 791 753 canonicis.
813 688 883 753 siue
908 688 1048 773 regibus.
1071 698 1106 754 et
1135 691 1421 773 gubernatoribus.

223 792 323 863 atque
346 777 599 860 consanguineis
626 777 754 840 nostris.
770 785 805 840 et
819 775 871 839 his
885 777 942 858 qui
957 796 993 839 se
1009 777 1042 839 in
1058 779 1179 842 nostris
1206 780 1422 843 commenda·

223 876 342 931 uenrnt
367 864 581 929 orationibus.
603 872 638 927 et
657 883 734 926 suas
760 862 856 926 nobis
879 862 988 945 largiti
1015 872 1093 928 sunt
1118 864 1325 930 elemosinas.
1352 867 1423 931 siue

222 955 323 1018 etiam
348 953 465 1016 ceteris
488 949 640 1015 fidelibus
662 950 833 1032 utriusque
855 968 957 1013 sexus
973 950 1005 1013 in
1022 960 1081 1015 tua
1103 950 1169 1014 fide
1183 962 1218 1015 et
1232 953 1423 1018 sinceritate

221 1040 451 1105 constantiam.
468 1047 506 1103 ut
528 1038 561 1100 in
584 1036 726 1100 karitate
740 1036 855 1100 diuina
885 1035 1013 1101 firmati.
1030 1037 1128 1102 nullis
1143 1040 1424 1122 temptationibus

221 1150 241 1192 a
256 1138 290 1193 te
305 1136 506 1210 separentur.
522 1145 581 1207 per
595 1124 768 1188 dominum
785 1134 944 1187 nostrum.

426 1330 541 1393 M1ssn
566 1341 637 1392 rno
660 1327 906 1411 Quaculrous
929 1328 1227 1395 TR113ULAT10NE.

190 1485 192 1489 ·
265 1455 472 1520 Ineffabilem
507 1453 764 1517 misericordiam
802 1461 896 1516 tuam
934 1454 1029 1517 nobis
1066 1474 1246 1536 quesumus
1283 1457 1422 1521 domine

218 1543 399 1607 clementer
418 1541 565 1606 ostende.
582 1550 619 1605 ut
633 1540 731 1603 simul
755 1560 817 1603 nos
833 1549 867 1604 et
882 1561 902 1603 a
917 1540 1062 1623 peccatis
1086 1561 1200 1605 exuas.
1216 1553 1286 1606 eta
1302 1546 1422 1626 poenis

218 1649 301 1714 quas
316 1651 377 1714 pro
392 1629 443 1692 his
459 1647 623 1691 meremur
636 1628 764 1711 eripias.
781 1647 839 1709 per
853 1627 1027 1690 dominum
1045 1638 1202 1692 nostrum.

755 1762 892 1828 Secreta.

264 1877 417 1943 Purificet
434 1898 493 1940 nos
508 1895 687 1958 quesumus
709 1875 845 1938 domine
868 1877 1013 1939 muneris
1036 1879 1217 1960 praesentis
1233 1879 1369 1943 oblatio.
1386 1891 1420 1944 et

220 1966 339 2049 dignos
354 1985 448 2028 sacra
463 1964 716 2047 participatione
731 1961 929 2044 perficiantl
943 1983 1010 2047 per.

732 2098 912 2179 Praefatio.

264 2215 315 2279 ff)
328 2222 460 2277 aeterne
476 2212 565 2276 deus.
611 2209 678 2293 Qui
694 2209 906 2293 fragilitatem
923 2222 1071 2275 nostram
1087 2232 1154 2276 non
1170 2214 1278 2277 solum
1295 2216 1423 2279 miseri-

219 2302 362 2366 corditer
377 2298 614 2382 temporalibus
630 2298 726 2361 bonis
741 2299 921 2362 consolaris
937 2309 973 2362 ut
989 2319 1049 2361 nos
1065 2301 1108 2362 ad
1124 2310 1259 2364 aeterna
1278 2322 1422 2384 proueas

221 2389 279 2453 sed
311 2389 411 2451 etiam
439 2387 518 2469 ipsis
548 2385 803 2450 aduersitatibus
833 2385 954 2448 saeculi
985 2386 1147 2468 benignus
1173 2388 1289 2451 erudis.
1316 2397 1354 2452 ut
1378 2392 1421 2453 ad

221 2474 376 2539 caelestia
392 2493 493 2556 regna
509 2473 678 2556 perducas.
695 2492 754 2554 per
768 2472 927 2535 christum
943 2473 1116 2536 dominum
1134 2484 1291 2538 nostrum.

675 2609 737 2671 Ad
747 2610 970 2690 complendum.

266 2726 380 2787 Presta
409 2722 544 2786 domine
574 2741 753 2803 quesumus
783 2731 819 2784 ut
844 2723 980 2784 terrenis
1011 2721 1184 2787 affectibus
1213 2724 1352 2806 expiati.
1379 2727 1424 2788 ad

222 2811 353 2895 superni
371 2810 612 2891 plenitudinem
629 2809 835 2871 sacramenti.
852 2810 945 2871 cuius
970 2809 1146 2873 libauimus
1173 2820 1289 2873 sancta
1305 2812 1423 2875 tenda·

222 2918 303 2962 mus.
314 2918 379 2980 per.

649 3096 764 3160 M1ssn
788 3097 864 3160 Pno
888 3098 995 3162 Pnca.

265 3241 357 3305 Deus
384 3263 404 3305 a
427 3262 494 3323 quo
520 3253 635 3306 sancta
650 3244 813 3306 desideria
836 3243 940 3326 srecta
963 3244 1099 3307 consilia
1115 3254 1148 3307 et
1172 3246 1256 3308 iusta
1273 3245 1329 3327 [s0.
1352 3264 1421 3325 191.

220 3339 297 3392 sunt
321 3350 429 3411 opera.
461 3330 504 3391 da
536 3330 638 3392 seruis
677 3331 749 3393 tuis,
792 3331 881 3393 illam
920 3350 1021 3411 quam
1058 3331 1201 3394 mundus
1232 3332 1310 3395 dare
1353 3354 1420 3395 non

221 3426 332 3498 potest
348 3436 472 3497 pacem.
489 3426 525 3479 ut
551 3426 585 3478 et
609 3418 709 3479 corda
734 3427 847 3480 nostra
875 3417 1041 3480 mandatis
1066 3419 1131 3480 tuis
1147 3419 1269 3482 dedita.
1285 3429 1319 3481 et
1344 3419 1422 3482 hos·

220 3503 303 3565 tium
320 3501 449 3566 sublata
473 3502 655 3565 formidine.
671 3513 822 3585 tempora
838 3504 904 3567 sint
927 3514 984 3567 tua
1006 3505 1210 3586 protectione
1234 3507 1414 3587 tranquilla

221 3610 280 3672 per
292 3590 464 3653 dominum
481 3600 638 3653 nostrum.

753 3709 887 3773 Secreta.

266 3823 358 3885 Deus
373 3823 430 3903 qui
447 3823 617 3885 credentes
634 3822 665 3883 in
683 3832 716 3885 te
732 3823 873 3904 populos
885 3823 983 3885 nullis
996 3824 1075 3886 sinis
1087 3825 1226 3887 concuti.
1240 3825 1421 3889 terroribus

221 3910 358 3991 dignare
374 3930 507 3991 praeces
530 3920 564 3972 et
587 3909 713 3972 hostias
728 3908 865 3972 ditatae¹
882 3910 941 3973 tibi
965 3910 1071 3992 plebis
1098 3912 1270 3993 suscipere.
1288 3922 1323 3974 ut
1350 3934 1420 3994 pax
1509 3936 1513 3947 ·

221 4006 278 4059 tua
303 3997 426 4079 pietate
450 4016 606 4058 concessa
632 3995 884 4085 christianorum
910 3996 992 4059 fines
1017 3999 1059 4060 ab
1084 3998 1174 4061 omni
1200 3998 1295 4061 hoste
1318 3998 1421 4063 saciat

220 4104 292 4146 esse
307 4103 446 4146 securos.
462 4104 528 4165 per.

727 4194 912 4274 Praefatzb.

264 4306 313 4369 (D
353 4315 484 4368 aeterne
521 4306 611 4369 deus.
658 4305 728 4370 Sub
766 4306 857 4370 cuius
895 4309 1071 4389 potestatis
1101 4309 1236 4372 arbitrio
1265 4311 1417 4374 omnium

220 4411 395 4473 regnorum
433 4392 620 4456 continetur
649 4402 805 4475 potestas.
836 4401 870 4456 te
899 4393 1067 4458 humiliter
1103 4396 1348 4478 depraecamur.
1380 4406 1419 4461 ut

738 4512 745 4543 ¹
764 4513 814 4562 For
823 4514 925 4564 delatae.
