3038 5106
408 360 500 413 DOM.
521 361 575 413 HI.
595 361 692 412 POST
707 361 783 413 OCT.
804 362 1087 415 PENTECOSTEN.
1306 380 1351 429 123

605 544 714 628 Super
725 547 888 629 poprdum.

190 652 324 719 Fideles
346 665 422 721 tuos
437 657 572 722 domine
587 658 775 722 benedictio
790 661 977 725 desiderata
992 660 1175 726 confirmet.
1190 684 1276 745 quae
1292 684 1349 727 eos

145 750 181 805 et
208 762 229 805 a
251 752 311 807 tua
334 744 508 809 uoluntate
531 765 714 827 numquam
742 746 840 809 saciat
865 748 1041 811 discedere.
1069 759 1103 812 et
1130 752 1195 813 tuis
1218 772 1349 834 semper

147 828 321 913 indulgeat
336 830 504 895 beneficiis
518 834 686 915 gratulari.
703 854 761 915 per
775 835 947 898 dominum
964 848 1122 899 nostrum.

310 1055 512 1119 Donrrurca
528 1054 573 1117 ΙΙ.
597 1066 689 1117 uosr
713 1052 887 1117 Ocrnans
912 1056 1195 1120 Pauracosrarr.

191 1181 306 1248 Sancti
322 1185 464 1247 nominis
481 1184 529 1247 tui
546 1183 681 1246 domine
696 1184 848 1246 timorem
866 1185 987 1265 pariter
1003 1195 1036 1247 et
1051 1206 1207 1248 amorem.
1224 1187 1275 1249 iac
1286 1207 1346 1249 nos

144 1270 271 1335 habere
294 1282 499 1354 perpetuum.
526 1271 605 1351 quia
629 1290 811 1352 numquam
836 1281 894 1333 tua
920 1271 1159 1351 gubernatione
1185 1275 1345 1336 destituis.

143 1376 231 1438 quos
269 1359 301 1420 in
339 1358 507 1422 soliditate
553 1369 629 1421 tuae
666 1358 850 1420 dilectionis
889 1359 1039 1421 instituis.
1078 1380 1136 1441 per
1172 1362 1344 1424 dominum

145 1455 306 1509 nostrum.

678 1580 815 1645 Secreta.

190 1692 327 1759 Oblatio
342 1714 403 1757 nos
419 1695 553 1758 domine
570 1704 627 1757 tuo
643 1694 768 1756 nomini
785 1694 926 1756 dicanda
942 1691 1093 1776 purificet
1116 1705 1150 1758 et
1177 1696 1219 1758 de
1242 1696 1296 1758 die
1312 1696 1343 1757 in

144 1783 234 1846 diem
265 1785 308 1846 ad
338 1783 489 1846 caelestis
527 1783 616 1844 uitae
653 1780 828 1844 transferat
864 1781 1039 1844 actionem.
1078 1803 1136 1864 per
1173 1784 1344 1845 dominum

145 1880 305 1934 nostrum.

666 2006 846 2085 Praefatio.

189 2118 240 2184 ff>
263 2128 397 2183 aeterne
433 2120 523 2181 deus.
561 2118 654 2181 cuius
692 2117 755 2180 hoc
792 2116 965 2180 mirificum
1003 2139 1088 2200 opus
1125 2139 1163 2181 ac
1201 2118 1344 2182 salutare

146 2208 340 2287 mysterium
368 2206 429 2268 luit
456 2217 493 2268 ut
519 2207 639 2288 perditi
671 2206 798 2267 dudum
823 2203 938 2286 satque
963 2208 1125 2287 prostrati.
1153 2208 1194 2267 de
1219 2206 1274 2287 [so.
1291 2208 1342 2287 89.

145 2292 282 2357 diabolo
296 2303 331 2356 et
347 2294 462 2355 mortis
478 2292 594 2356 aculeo
618 2292 661 2356 ad
685 2293 770 2354 hanc
792 2293 931 2373 gloriam
955 2312 1157 2355 uocaremur.
1174 2314 1239 2374 qua
1256 2313 1341 2356 nunc

143 2399 251 2461 genus
273 2380 414 2444 electum
441 2380 730 2460 sacerdotiumque
755 2378 864 2461 regale
889 2379 1032 2461 populus
1058 2382 1283 2461 acquisitionis
1310 2392 1342 2442 et

145 2486 230 2549 gens
258 2477 374 2530 sancta
404 2468 622 2529 uocaremur.¹
682 2466 833 2547 Agentes
865 2467 963 2547 igitur
993 2466 1174 2528 indefessas
1211 2468 1345 2548 gratias.

145 2564 363 2635 sanctamque
379 2553 638 2616 munificentiam
649 2562 741 2615 tuam
753 2552 981 2633 praedicantes
995 2554 1159 2615 maiestati
1176 2563 1252 2615 tuae
1262 2554 1342 2615 haec

144 2661 239 2704 sacra
253 2642 430 2704 deferimus
446 2660 531 2721 quae
547 2641 643 2703 nobis
669 2642 738 2721 ipse
765 2639 880 2701 salutis
907 2650 1039 2702 nostrae
1066 2649 1180 2701 auctor
1202 2642 1341 2703 christus

145 2728 295 2792 instituit.
311 2748 411 2809 quem
429 2729 567 2790 laudant
582 2728 700 2808 angeli.

590 2863 652 2927 Ad
670 2863 895 2944 cornp'lendum.

188 2976 339 3060 Sumptis
356 2977 545 3040 muneribus
561 2978 696 3040 domine
711 2996 891 3057 quesumus
918 2986 954 3038 ut
979 2996 1054 3037 cum
1080 2974 1342 3057 frequentatione

146 3066 294 3147 mysterii
309 3076 435 3127 crescat
451 3075 584 3127 nostrae
600 3064 716 3125 salutis
732 3062 876 3125 effectus.
895 3083 959 3145 per.

603 3199 711 3281 Super
723 3200 887 3282 populum.

188 3312 244 3379 Da
257 3333 439 3397 quesumus
455 3314 589 3376 domine
606 3312 731 3395 populo
754 3322 812 3374 tuo
836 3312 977 3374 salutem
1002 3312 1122 3374 mentis
1138 3322 1172 3376 et
1187 3314 1340 3394 corporis.

144 3402 189 3465 da
211 3410 250 3465 ut
273 3400 437 3482 relinquat
463 3401 553 3481 quod
579 3412 687 3462 nocet.
704 3410 736 3462 ct
764 3420 875 3461 amare
898 3401 987 3480 quod
1004 3400 1120 3462 saluet.
1136 3403 1179 3462 da
1195 3412 1231 3462 ut
1248 3401 1342 3463 bonis

144 3488 298 3570 operibus
325 3488 506 3549 inherendo
532 3497 566 3549 et
593 3487 742 3549 benedici
770 3507 790 3549 a
816 3498 849 3549 te
875 3497 1047 3550 mereatur.
1070 3498 1103 3550 et
1131 3498 1188 3549 tua
1212 3508 1342 3569 semper

145 3576 266 3639 uirtute
281 3574 423 3638 delendi.
440 3595 500 3656 per
514 3575 699 3637 dominum.

287 3788 487 3853 Dotamen
513 3788 578 3852 111.
603 3802 692 3852 rosa
716 3787 888 3852 ocrnms
913 3790 1197 3852 l'nnrecosrnu.

187 3917 486 4001 Depraecationem
512 3926 661 3981 nostram
686 3937 867 3998 quesumus
883 3918 1018 3980 domine
1031 3918 1193 4000 benignus
1209 3920 1340 3981 exaudi.

143 4016 176 4069 et
204 4006 326 4089 quibus
364 4006 573 4087 supplicandi
612 4016 762 4087 praestas
800 4004 965 4067 effectum.
997 4006 1103 4067 tribue
1142 4005 1342 4068 defensionis

141 4094 313 4157 auxilium.
328 4112 393 4175 per.

672 4228 811 4293 Secreta.

184 4340 325 4405 Munera
339 4341 475 4404 domine
489 4340 603 4404 oblata
618 4339 796 4405 sanctifica.
812 4351 849 4405 ut
865 4343 912 4405 tui
929 4343 1024 4407 nobis
1045 4343 1205 4427 unigeniti
1222 4363 1341 4426 corpus

138 4438 173 4493 et
186 4430 322 4513 sanguis
336 4426 425 4493 fiant
442 4447 501 4512 per
515 4428 697 4493 dominum.

559 4558 567 4587 ¹
587 4554 711 4621 Probably
723 4554 761 4607 sor
772 4572 898 4608 uocantur.
