3038 5106
439 344 554 409 [Nom]
579 345 665 398 Atlc.
694 345 782 396 mr.
810 347 837 397 S.
869 347 1066 400 OSUUALDI.
1310 359 1356 413 195

601 510 664 575 Ad
673 512 900 594 conplendum.

201 620 296 683 Haec
311 641 372 685 nos
387 623 579 686 communio
594 623 729 687 domine
751 635 870 707 purget
885 646 906 688 a
921 626 1065 689 crimine.
1081 642 1115 689 ct
1130 627 1354 691 intercedente

153 706 256 770 beato
280 708 443 791 stephano
468 720 613 793 martyre
640 719 698 775 tuo
722 722 823 793 atque
848 711 1012 795 pontifice.
1039 713 1190 777 caelestis
1217 714 1353 777 remedii

155 794 256 858 saciat
270 815 343 859 esse
358 807 535 861 consortes.
552 818 618 879 per.

154 1005 208 1057 111.
225 993 321 1059 Nou.
343 994 441 1061 Auo.
466 995 883 1147 NnrntaGsnucrouuu
909 996 1104 1061 Sraeunm
1128 997 1352 1061 Nrcuouum

663 1096 875 1147 AntALIELls'.

200 1208 293 1272 Deus
308 1210 363 1291 qui
379 1230 415 1272 es
431 1220 619 1273 sanctorum
631 1222 764 1274 tuorum
775 1210 931 1293 splendor
942 1212 1107 1274 mirabilis.
1120 1213 1176 1293 qui
1193 1212 1351 1275 hodierna

152 1295 210 1359 die
225 1295 396 1360 beatorum
414 1308 596 1380 martyrum
621 1309 753 1361 tuorum
777 1298 938 1380 stephani.
956 1299 1142 1361 nichodemi
1159 1300 1351 1381 gamalielis.

153 1392 256 1464 atque
290 1384 411 1447 abibon
445 1385 669 1447 inuentionem
703 1384 881 1465 gloriosam
920 1386 1080 1448 reuelasti.
1112 1387 1155 1448 da
1192 1386 1287 1448 nobis
1318 1388 1350 1448 in

151 1478 288 1532 aeterna
304 1470 437 1533 laetitia.
454 1471 495 1534 de
510 1491 623 1534 eorum
640 1473 799 1534 societate
815 1472 967 1554 gaudere.
984 1493 1049 1554 per.

685 1608 823 1673 Secreta.

200 1718 341 1781 Munera
355 1719 414 1783 tibi
431 1721 566 1783 domine
590 1729 721 1783 nostrae
746 1721 934 1784 deuotionis
950 1720 1127 1783 offerimus,
1143 1740 1228 1802 quac
1244 1733 1277 1784 et
1294 1743 1353 1804 pro

154 1814 288 1868 tuorum
314 1805 373 1869 tibi
400 1817 495 1888 grata
525 1809 591 1870 sint
621 1808 746 1869 honore
776 1808 944 1870 iustorum.
961 1818 994 1870 et
1022 1808 1116 1871 nobis
1141 1809 1297 1872 salutaria
1320 1820 1353 1872 te

156 1892 334 1956 miserante
349 1894 552 1973 redldantur.
569 1913 627 1976 per
643 1895 814 1957 dominum
832 1905 989 1957 nostrum.
1207 1895 1263 1978 [so.
1284 1913 1351 1975 140.

608 2030 670 2093 Ad
679 2029 904 2110 conplendum.

201 2139 411 2223 Sumpsimus
437 2143 572 2205 domine
606 2152 794 2205 sanctorum
822 2152 952 2205 tuorum
979 2142 1138 2224 stephani.
1156 2143 1352 2207 nichodemi.

156 2227 341 2309 gamalielis
366 2239 466 2310 atque
490 2229 622 2292 abibon.
647 2229 873 2291 inuentionem
901 2229 1125 2292 caelebrantes
1146 2240 1352 2293 sacramenta

156 2312 319 2378 caelestia.
350 2327 482 2400 praesta
518 2336 698 2398 quesumus
735 2326 772 2378 ut
809 2316 898 2396 quod
936 2316 1163 2398 temporaliter
1199 2318 1352 2399 gerimus.

156 2401 298 2464 aeternis
314 2402 444 2484 gaudiis
460 2422 708 2485 consequamur.
725 2423 784 2484 per
798 2403 971 2465 dominum
989 2411 1146 2467 nostrum.

287 2609 395 2686 Inus†
417 2611 512 2677 Auo.
538 2612 695 2675 Narnia
718 2611 858 2676 Snucm
884 2612 1081 2679 Osuuntur
1106 2613 1231 2676 Rudis.

201 2730 424 2813 Omnipotens
451 2733 650 2815 sempiterne
676 2734 758 2796 deus
784 2734 839 2814 qui
865 2733 962 2795 huius
978 2733 1042 2795 diei
1067 2733 1243 2795 iocundam
1261 2734 1354 2795 beat·

156 2838 277 2900 amque
315 2818 474 2881 laetitiam
506 2820 539 2881 in
570 2820 675 2883 sancti
712 2821 798 2883 serui
836 2822 883 2883 tui
921 2820 1072 2883 osuualdi
1107 2819 1353 2901 sollempnitate

156 2907 363 2969 consecrasti.
388 2907 432 2969 da
463 2907 618 2969 cordibus
645 2908 765 2970 nostris
800 2907 847 2969 tui
881 2907 1008 2969 timoris
1032 2906 1248 2987 karitatisque
1274 2928 1354 2987 aug·

156 3002 315 3055 mentum.
332 3002 369 3055 ut
385 2993 477 3056 cuius
493 2994 525 3055 in
541 2994 636 3056 terris
652 2994 758 3056 sancti
783 2994 952 3076 sanguinis
975 2992 1169 3055 effusionem
1187 2994 1354 3056 caelebra-

157 3098 239 3141 mus.
256 3078 342 3141 illius
367 3079 399 3141 in
426 3080 519 3143 caelo
543 3080 676 3143 conlata
700 3081 883 3162 patrocinia
908 3081 1075 3143 mentibus
1090 3081 1278 3143 sentiamus.
1296 3101 1354 3162 per

155 3164 337 3229 dominum.

684 3294 820 3359 Secreta.

200 3405 297 3469 Haec
312 3406 446 3468 domine
473 3425 653 3487 quesumus
679 3426 822 3469 munera
838 3426 924 3487 quae
941 3407 973 3467 in
989 3406 1078 3469 beati
1094 3405 1246 3469 osuualdi
1263 3426 1352 3468 com·

155 3493 396 3555 memoratione
426 3503 503 3555 tuae
531 3493 695 3556 maiestati
721 3492 897 3556 offerimus.
929 3492 1093 3574 benignus
1125 3514 1263 3555 assume.
1296 3514 1354 3575 per

154 3578 327 3643 dominum
345 3590 502 3643 nostrum.

663 3771 844 3850 Praefatae.

199 3881 249 3946 (D
287 3892 421 3945 aeterne
457 3882 546 3946 deus.
603 3884 647 3947 Et
681 3884 856 3966 praecipue
894 3903 954 3965 pro
993 3882 1116 3945 meritis
1154 3880 1264 3943 dilecti
1303 3882 1351 3943 tui

154 3966 316 4031 osuualdi.
332 3967 393 4031 tibi
420 3968 610 4032 confitendo
637 3970 808 4033 immolare
834 3970 942 4033 laudis
966 3969 1108 4031 hostiam
1125 3968 1180 4048 qui
1196 3968 1351 4048 semetip-

154 4074 229 4119 sum
245 4054 307 4120 tibi
322 4054 400 4119 secit
423 4055 567 4119 hostiam
592 4056 712 4120 uiuam.
739 4058 790 4119 cui
815 4076 891 4121 cum
916 4056 1056 4118 carnalis
1079 4051 1351 4137 generositatem†

155 4142 301 4225 parentis
330 4162 473 4206 coronae
502 4143 760 4225 adiungerentur
796 4153 991 4206 ornamenta
1029 4141 1156 4223 regalis.
1194 4140 1350 4222 spiritalis

154 4238 267 4293 tamen
284 4230 438 4295 adtactus
453 4230 621 4293 incentiuo
631 4231 753 4294 uiroris.
765 4230 902 4294 domurn
916 4249 1009 4292 suam
1027 4248 1126 4311 super
1140 4226 1352 4309 euangelicae

154 4326 269 4399 petrae
292 4316 510 4381 fundamenta
539 4317 719 4381 constituit.
749 4336 905 4381 coronam
943 4313 1046 4398 quael
1067 4316 1109 4380 de
1139 4313 1250 4396 lapide
1279 4314 1351 4377 sine

155 4400 309 4467 manibus
337 4403 453 4467 exciso
488 4403 532 4468 de
569 4412 691 4468 monte.
720 4403 821 4488 capiti
850 4424 912 4467 suo
942 4403 1026 4468 bene
1062 4403 1207 4466 uiuendo
1237 4401 1351 4485 inponi

152 4488 292 4573 optauit.
349 4490 547 4555 Praecamur
572 4510 652 4575 ergo
674 4490 884 4557 clementiam
911 4500 1013 4555 tuam.
1030 4499 1068 4553 ut
1082 4510 1140 4571 per
1161 4488 1243 4551 haec
1259 4506 1352 4553 sacra

1146 4587 1172 4640 Ο
1201 4590 1221 4638 2
