3038 5106
200 328 250 395 238
542 332 591 385 m
612 334 701 387 MT.
735 334 854 387 UNIUS
880 334 1058 387 UIRGINIS.
1089 360 1095 369 ·

730 508 871 577 Secreto

131 612 135 627 '
245 618 385 685 Hostias
406 621 467 686 tibi
482 622 618 687 domine
637 623 757 687 beatae
783 623 829 687 ill.
845 624 1000 706 martyris
1024 632 1102 688 tuae
1123 624 1252 690 dicatas
1276 623 1403 688 meritis

199 705 364 857 Benignus
377 728 519 773 assume.
533 720 568 775 et
583 710 625 773 ad
650 719 847 795 perpetuum
863 710 959 774 nobis
982 711 1090 776 tribue
1104 711 1280 795 prouenire
1294 710 1403 775 subsi-
1491 732 1494 737 ·

225 812 302 858 rum.
317 815 385 878 per.

653 928 716 992 Ad
726 929 951 1011 complendum.

243 1037 418 1102 Adiuuent
432 1059 494 1103 nos
509 1059 688 1121 quesumus
704 1041 839 1105 domine
854 1052 888 1106 et
910 1042 992 1106 haec
1009 1044 1168 1125 mysteria
1182 1051 1301 1108 sancta
1314 1062 1401 1126 quae

199 1125 410 1275 {umpsimus
434 1135 469 1190 et
501 1125 619 1191 beatae
646 1128 692 1191 ill.
719 1131 876 1211 martyre¹
894 1130 1084 1195 intercessio
1118 1130 1317 1195 ueneranda
1341 1150 1403 1214 per

224 1231 373 1275 ominum
390 1223 548 1277 nostrum.

691 1450 786 1513 lrsu
810 1448 915 1513 Aurn

244 1571 469 1656 Omnipotens
496 1574 697 1657 sempiterne
719 1574 801 1637 deus
826 1575 870 1637 da
893 1574 990 1637 nobis
1015 1573 1048 1636 in
1073 1571 1254 1636 sestiuitate
1282 1568 1402 1634 beatae

200 1659 247 1725 111.
271 1660 409 1745 uirginis
432 1681 580 1744 congrua
593 1661 773 1725 deuotione
796 1662 941 1743 gaudere
963 1670 1000 1725 ut
1022 1657 1083 1735 adl
1098 1658 1283 1742 potentiam
1307 1667 1403 1721 tuam

200 1746 234 1810 in
264 1748 335 1811 eius
371 1749 510 1812 transitu
550 1748 731 1811 laudemus.
761 1758 795 1811 et
833 1749 1002 1831 prouisum
1037 1746 1133 1810 nobis
1170 1744 1402 1829 percipiamus.

200 1834 371 1898 auxilium.
387 1855 446 1917 per
460 1835 633 1899 dominum
657 1845 816 1899 nostrum.

736 1970 871 2035 Secreta.

244 2080 425 2149 Offerimus
449 2082 583 2148 domine
605 2105 739 2167 praeces
765 2096 798 2148 et
823 2105 960 2148 munera
983 2085 1017 2147 in
1048 2083 1173 2146 honore
1194 2090 1331 2145 sanctae
1354 2080 1403 2143 ill.

200 2171 394 2253 gaudentes.
425 2181 558 2253 praesta
586 2193 773 2254 quesumus.
801 2183 843 2235 ut»
864 2172 1098 2235 conuenienter
1126 2168 1208 2233 haec
1238 2187 1339 2251 agere
1367 2175 1402 2230 et

201 2257 384 2322 remedium
422 2259 660 2340 sempiternum
702 2259 872 2323 ualeamus
910 2259 1091 2340 adquirere.
1132 2276 1190 2339 per
1226 2254 1401 2319 dominum

201 2352 360 2409 nostrum.

714 2482 895 2561 Praefatio.

246 2594 296 2659 (D
327 2604 459 2658 aeterne
489 2597 578 2658 deus.
639 2594 764 2657 Beatae
795 2595 842 2657 ill.
878 2593 1033 2657 natalicia
1062 2591 1252 2655 recolentes,
1312 2588 1402 2655 Uere

202 2681 291 2745 enim
314 2681 411 2745 huius
434 2680 648 2744 honorandus
674 2692 724 2744 est
749 2683 827 2744 dies.
852 2702 937 2762 quae
964 2681 1009 2742 sic
1034 2689 1163 2743 terrena
1186 2677 1401 2761 generatione

203 2769 370 2851 processit.
387 2778 423 2831 ut
440 2769 481 2832 ad
499 2768 682 2832 diuinitatis
698 2770 900 2831 consortium
917 2768 1111 2850 perueniret.
1127 2786 1186 2848 per
1200 2764 1369 2828 christum.

654 2923 717 2985 Ad
726 2923 948 3003 complendum.

247 3033 419 3096 Adiuuent
434 3054 495 3097 nos
511 3053 690 3114 quesumus
706 3035 841 3096 domine
856 3045 889 3096 ct
913 3034 994 3096 haec
1011 3031 1169 3113 mysteria
1184 3039 1300 3093 sancta
1315 3049 1402 3111 quae

201 3120 411 3202 sumpsimus.
428 3130 461 3184 et
477 3120 602 3184 beatae.
619 3122 664 3184 ill.
681 3121 870 3184 intercessio
886 3120 1083 3184 ueneranda.
1098 3138 1165 3202 per.

690 3346 785 3409 Iram
810 3347 915 3411 Anm.

246 3473 372 3540 Sancta
397 3482 455 3537 tua
478 3476 621 3538 domine.
647 3475 692 3538 ill.
725 3496 786 3537 nos
819 3498 878 3538 sua
914 3477 1154 3541 interuentione
1179 3474 1341 3538 laetificet.
1366 3483 1402 3536 et

203 3561 259 3645 pia
274 3561 373 3625 saciat
389 3561 637 3643 sollempnitate
652 3564 804 3646 gaudere.
821 3585 879 3646 per
894 3565 1076 3628 dominum.

732 3700 871 3763 Secreta.

245 3809 413 3893 [Accepta
428 3810 471 3873 sit
487 3811 520 3873 in
535 3822 715 3893 conspectu
733 3822 791 3874 tuo
807 3814 944 3876 domine
966 3822 1079 3876 nostra
1094 3811 1237 3875 deuotio
1254 3809 1311 3892 [so.
1332 3825 1402 3889 172.

202 3897 322 3961 eteius
337 3896 433 3960 nobis
449 3895 506 3960 fiat
522 3898 764 3980 supplicatione
779 3901 940 3964 salutaris
956 3920 1017 3983 pro
1039 3900 1131 3963 cuius
1154 3897 1402 3980 sollempnitate

202 3983 355 4048 defertur.
374 4004 432 4067 per
447 3985 632 4048 dominum.

656 4123 685 4185 A
689 4122 716 4185 d
726 4124 952 4204 complendum.

245 4230 434 4314 Quesumus
467 4232 603 4297 domine
639 4234 838 4299 salutaribus
875 4235 991 4318 repleti
1030 4235 1195 4319 mysteriis
1233 4241 1270 4298 ut
1308 4233 1401 4297 cuius

200 4317 399 4403 sollempnia
412 4320 647 4387 caelebramus.
663 4323 733 4386 eius
748 4321 953 4386 orationibus
969 4322 1171 4387 adiuuemur.
1187 4341 1254 4406 per.

686 4497 694 4531 ¹
711 4500 762 4551 For
773 4507 907 4566 martyrae.
