3038 5106
229 359 279 415 ²5⁴
630 346 742 397 mssa
766 347 839 397 exo
860 346 1024 401 osvero.

763 502 900 570 Secreta.

279 619 413 681 Praesta
442 636 621 699 quesumus
651 616 863 698 omnipotens
893 627 927 681 et
958 617 1141 681 misericors
1171 618 1262 682 deus.
1287 627 1324 682 ut
1354 621 1438 684 haec

232 705 384 769 salutaris
406 704 533 767 oblatio
548 703 708 766 famulum
728 714 831 766 tuum.
856 702 897 766 N.
920 713 954 767 et
977 705 1118 787 propriis
1142 705 1286 768 reatibus
1311 707 1435 770 indesi-

235 802 350 855 nenter
365 792 533 874 expediat.
549 799 583 853 et
598 789 642 852 ab
656 789 812 853 omnibus
828 800 960 854 tueatur
974 792 1131 855 aduersis.
1149 812 1214 874 per.

712 940 936 1028 [Praefatiol]

276 1057 342 1142 lffl
366 1068 499 1121 aeterne
523 1058 613 1120 deus.
674 1055 887 1119 Maiestatem
922 1065 1013 1120 tuam
1045 1058 1236 1140 suppliciter
1273 1058 1330 1141 [fo.
1367 1063 1438 1139 184.

233 1146 470 1228 depraecantes
493 1153 529 1207 ut
548 1142 707 1206 famulum
724 1152 827 1206 tuum.
845 1141 886 1204 N.
903 1143 945 1205 ab
960 1144 1116 1207 omnibus
1131 1145 1275 1226 peccatis
1291 1145 1437 1208 clemen-

234 1242 284 1296 ter
299 1232 426 1315 eripias.
442 1241 475 1293 et
497 1251 517 1293 a
539 1231 665 1292 cunctis
685 1239 839 1312 protegas
855 1229 1018 1313 benignus
1035 1231 1183 1294 inimicis.
1201 1252 1259 1314 per
1273 1232 1437 1296 christum

234 1320 407 1382 dominum
425 1327 582 1381 nostrum.

696 1436 796 1517 Infra
810 1438 973 1501 actionem.

280 1552 378 1615 Hanc
409 1551 508 1632 igitur
545 1549 748 1612 oblationem
787 1549 922 1612 domine
951 1569 1052 1631 quam
1084 1550 1144 1613 tibi
1175 1549 1345 1614 offerimus
1378 1573 1441 1634 pro

234 1640 426 1722 expiatione
457 1647 667 1719 peccatorum
699 1635 813 1698 famuli
851 1637 907 1699 tui.
948 1637 988 1698 N.
1027 1647 1060 1701 et
1099 1658 1159 1719 pro
1196 1638 1439 1702 acceleratione

233 1726 384 1789 caelestis
409 1725 532 1787 auxilii.
566 1733 603 1786 ut
632 1723 781 1785 omnium
813 1723 1009 1786 delictorum
1040 1744 1173 1787 suorum
1206 1726 1436 1788 remissionem

234 1812 390 1894 consequi
408 1821 578 1874 mereatur.
595 1829 775 1891 quesumus
790 1809 934 1872 domine.

688 1948 751 2011 Ad
760 1949 985 2030 complendum.

278 2062 502 2144 Omnipotens
526 2071 559 2123 et
584 2061 766 2123 misericors
793 2061 883 2124 deus.
910 2062 966 2142 qui
990 2081 1125 2124 omnem
1151 2063 1299 2125 animam
1322 2065 1440 2146 poeni-

234 2160 360 2215 tentem
377 2160 411 2212 et
427 2148 641 2212 confitentem
659 2147 765 2229 magis
782 2148 831 2210 uis
847 2148 1024 2211 emendare
1033 2167 1134 2229 quam
1151 2148 1297 2231 perdere.
1310 2151 1438 2232 respice

234 2237 395 2320 propitius
426 2255 523 2318 super
552 2234 640 2297 hunc
664 2233 824 2297 famulum
857 2245 959 2297 tuum.
992 2234 1033 2297 N.
1064 2242 1098 2297 et
1127 2255 1186 2317 per
1215 2235 1298 2299 haec
1328 2257 1438 2301 sacra·

236 2333 348 2387 menta
374 2343 459 2404 quae
493 2321 694 2403 sumpsimus
724 2331 837 2383 auerte
867 2322 910 2384 ab
940 2342 980 2384 eo
1011 2322 1092 2384 iram
1125 2322 1372 2404 indignationis.
1404 2334 1438 2388 et

234 2411 365 2474 dimitte
381 2411 409 2471 ei
426 2410 539 2471 omnia
555 2417 691 2490 peccata
706 2427 773 2470 sua.
790 2428 857 2490 per.
905 2462 912 2483 ,

722 2628 816 2690 lacu
841 2627 948 2690 Aim.

280 2761 413 2826 Exaudi
439 2778 618 2840 quesumus
642 2758 855 2839 omnipotens
883 2757 965 2819 deus
991 2778 1124 2840 praeces
1150 2770 1279 2822 nostras
1303 2780 1387 2841 quas
1404 2761 1437 2821 in

234 2858 413 2930 conspectu
452 2845 584 2927 pietatis
621 2854 699 2907 tuae
744 2842 912 2906 effundere
958 2846 1207 2926 praesumimus,
1246 2847 1442 2929 suppliciter

235 2938 479 3018 depraecantes.
504 2943 539 2994 ut
564 2931 723 2994 famulum
748 2941 851 2993 tuum.
884 2931 924 2992 N.
957 2932 988 2993 in
1019 2942 1077 2994 tua
1108 2933 1332 2995 misericordia
1359 2954 1439 2996 con·

237 3022 393 3085 fidentem
414 3020 598 3082 benedicas.
615 3029 649 3080 et
665 3018 777 3080 omnia
801 3018 870 3080 eius
892 3028 1028 3100 peccata
1044 3019 1200 3082 dimittas.
1218 3029 1342 3102 tuaque
1359 3041 1437 3083 eum

236 3109 440 3192 protectione
455 3126 622 3171 conserua.
640 3115 676 3167 ut
701 3105 805 3187 possit
830 3105 889 3167 tibi
915 3105 1035 3186 dignus
1063 3105 1139 3168 fieri.
1156 3116 1189 3168 et
1205 3107 1247 3168 ad
1264 3117 1439 3170 aeternam

235 3196 475 3260 beatitudinem
492 3195 601 3256 ualeat
618 3193 795 3274 peruenire.
813 3212 870 3273 per
886 3192 1058 3254 dominum
1076 3202 1235 3255 nostrum.

767 3331 903 3391 Secreta.

281 3446 417 3527 Suscipc
453 3442 708 3505 clementissime
739 3452 833 3522 pater
863 3441 1005 3503 hostiam
1037 3442 1232 3523 placationis
1263 3453 1297 3506 et
1330 3443 1443 3508 laudis

236 3553 336 3615 quam
363 3552 425 3612 ego
451 3539 604 3612 peccator
631 3528 786 3609 indignus
810 3528 953 3590 famulus
975 3538 1051 3591 tuus
1073 3531 1226 3592 sacerdos
1243 3530 1301 3592 tibi
1318 3531 1441 3594 offerre

236 3638 411 3703 praesumo
427 3619 468 3680 ad
486 3617 646 3678 honorem
663 3624 696 3677 et
721 3616 858 3696 gloriam
881 3615 1023 3677 nominis
1042 3617 1097 3678 tui.
1120 3626 1153 3678 et
1178 3637 1238 3697 pro
1263 3617 1440 3681 incolomi-

236 3717 305 3771 tate
340 3705 453 3767 samuli
490 3705 545 3765 tui.
583 3702 623 3764 N.
662 3712 698 3765 ut
730 3703 878 3764 omnium
911 3701 1105 3765 delictorum
1137 3723 1271 3765 suorum
1303 3707 1440 3769 ueniam

236 3792 406 3877 lconscqui
428 3801 598 3852 mereatur.
616 3810 681 3871 per.
1267 3789 1325 3872 [ῐο.
1348 3794 1441 3870 184v.

667 3925 729 3988 Ad
739 3926 964 4006 complendum.

279 4043 503 4123 Omnipotens
519 4048 552 4100 et
570 4038 752 4100 misericors
775 4039 865 4100 deus.
882 4039 937 4119 qui
961 4049 1170 4120 peccatorum
1193 4039 1438 4122 indulgentiam

235 4133 266 4194 in
285 4128 490 4193 consessione
507 4124 624 4188 celere¹
640 4125 787 4206 posuisti.
803 4144 953 4187 succurre
974 4126 1082 4208 lapsis
1100 4127 1252 4189 miserere
1269 4128 1440 4192 confessis.

234 4229 267 4281 et
306 4215 465 4279 famulum
504 4223 606 4275 tuum.
647 4212 687 4273 N.
726 4231 824 4293 quem
855 4210 1050 4274 delictorum
1082 4222 1200 4275 catena
1230 4216 1439 4299 constringit.

236 4303 432 4386 magnitudo
444 4311 521 4365 tuae
536 4298 670 4381 pietatis
686 4297 846 4362 absoluat.
862 4319 928 4381 per.

576 4447 584 4479 ¹
602 4450 665 4499 This
676 4449 787 4515 heading
797 4449 818 4499 is
829 4450 934 4500 omitted
946 4450 972 4499 in
984 4450 1026 4500 the
1039 4450 1095 4501 MS.

575 4512 586 4546 ²
603 4517 739 4567 Corrected
752 4525 779 4565 tu
789 4516 869 4565 celeri.
