3038 5106
348 340 402 391 ΙΙΙ.
432 340 517 391 KAL
549 340 633 390 Dae.
663 339 716 390 NA
723 341 751 390 T.
781 341 809 390 S.
839 339 1059 393 sarvnmm.
1257 346 1306 399 227

558 516 622 581 Ad
630 516 855 598 complendum.

148 625 304 711 Corporis
350 629 433 692 sacri
481 638 516 692 et
561 629 716 712 praetiosi
763 628 933 711 sanguinis
982 627 1098 710 repleti
1145 625 1302 690 libamine

102 732 283 795 quesumus
309 715 445 779 domine
459 716 541 779 deus
557 726 676 780 noster.
692 726 728 780 ut
756 717 846 798 quod
871 716 926 798 pia
952 715 1130 778 deuotione
1156 712 1301 797 gerimus

101 809 193 864 certa
207 803 437 885 redemptione
451 804 629 886 capiamus.
645 824 711 887 per.

189 979 342 1059 lEonuu
366 982 447 1045 Dra.
471 983 629 1046 Nasson
653 982 831 1048 Snucrna
855 982 1101 1045 Farncmnns.
1153 978 1209 1061 [so.
1230 979 1300 1058 163.

147 1091 282 1155 Praesta
320 1113 499 1175 quesumus
536 1094 748 1178 omnipotens
785 1095 867 1158 deus
904 1102 941 1156 ut
978 1093 1095 1156 beatae
1134 1089 1299 1154 felicitatis

99 1180 256 1261 martyris
272 1190 350 1243 tuae
365 1180 562 1264 sollempnia
587 1189 802 1244 recensentes.
820 1180 944 1244 meritis
967 1181 1068 1263 ipsius
1087 1187 1300 1263 protegamur

97 1273 135 1329 et
150 1265 331 1348 praecibus.
348 1288 412 1350 per.

631 1387 768 1453 Secreta.

146 1496 287 1562 Munera
302 1499 363 1562 tibi
379 1500 515 1562 domine
541 1521 600 1583 pro
623 1511 757 1563 sanctae
781 1500 945 1563 felicitatis
961 1499 1104 1582 gloriosa
1119 1519 1301 1563 commem-

98 1585 251 1648 oratione
265 1586 452 1649 deferimus.
469 1585 680 1650 obsecrantes
706 1597 743 1650 ut
768 1608 852 1669 quae
878 1587 973 1649 nobis
996 1587 1092 1649 huius
1110 1586 1301 1668 sollempni·

99 1671 180 1735 tatis
201 1670 365 1736 effectum.
382 1683 415 1736 et
438 1674 643 1737 confessione
666 1674 833 1737 dedicauit
848 1684 882 1737 et
898 1675 1065 1756 sanguine.
1083 1672 1301 1737 miserationis

99 1777 235 1841 quoque
250 1760 445 1823 continuum
462 1760 615 1843 imploret
631 1761 802 1824 auxilium.
819 1782 885 1843 per.

550 1906 582 1968 A
585 1906 612 1967 d
622 1905 847 1987 conplendum.

147 2013 240 2079 Uota
269 2016 382 2097 populi
413 2017 461 2079 tui
491 2016 627 2080 domine
656 2017 818 2100 propitius
848 2017 991 2080 intende.
1014 2027 1047 2080 et
1073 2035 1214 2098 quorum
1242 2037 1303 2079 nos

101 2100 430 2251 ffffissouempnla
441 2103 635 2168 caelebrare.
649 2103 699 2168 fac
712 2105 856 2186 gaudere
868 2103 1039 2185 suffragiis.
1056 2125 1115 2186 per
1128 2103 1302 2167 dominum

101 2386 205 2437 xvru.
231 2375 336 2438 Knn.1
360 2375 450 2438 Dae.
474 2373 632 2435 Narnia
663 2373 804 2438 Snucrr
833 2374 1072 2439 cunrsocom
1096 2375 1304 2437 Manrvnrs

147 2484 278 2548 Adesto
302 2486 438 2549 domine
462 2485 758 2567 supplicationibus
783 2487 904 2549 nostris
931 2495 967 2548 ut
991 2487 1046 2568 qui
1069 2507 1114 2549 ex
1130 2486 1306 2567 iniquitate

101 2581 218 2635 nostra
233 2592 305 2634 reos
333 2593 393 2635 nos
417 2592 490 2635 esse
512 2573 753 2655 cognoscimus,
770 2572 858 2637 beati
882 2574 1070 2655 chrisogoni
1088 2574 1242 2655 martyris
1257 2573 1305 2636 tui

103 2658 338 2722 intercessione
355 2660 539 2722 liberemur.
555 2679 621 2741 per.

633 2779 771 2842 Secreta.

148 2889 280 2955 Oblatis
304 2911 483 2972 quesumus
508 2892 643 2954 domine
667 2890 799 2973 placare
827 2892 1016 2956 muneribus
1031 2902 1065 2955 et
1081 2893 1305 2957 intercedente

103 2976 204 3127 beatg
229 2977 427 3078 cbrisogono
451 2988 597 3061 martyre
622 2988 680 3041 tuo
708 2999 727 3040 a
751 2980 879 3042 cunctis
902 3001 963 3042 nos
986 2979 1128 3043 defende
1143 2981 1303 3062 periculis.

102 3084 164 3148 per
201 3083 360 3127 ominum.

613 3186 794 3267 Praefatio.

147 3298 198 3363 (a)
225 3306 358 3361 aeterne
385 3298 474 3361 deus.
520 3296 586 3381 Qui
617 3318 678 3363 nos
708 3298 849 3362 assiduis
880 3309 1063 3381 martyrum
1094 3300 1302 3383 passionibus

101 3383 291 3451 consolaris.
307 3394 341 3447 et
357 3404 470 3447 eorum
497 3386 692 3467 sanguinem
716 3385 960 3467 triumphalem.
976 3407 1075 3469 quem
1099 3387 1302 3469 professione

102 3472 246 3536 nominis
270 3472 319 3536 tui
346 3470 532 3534 infidelibus
559 3472 738 3553 praebuere
765 3472 979 3536 fundendum.
996 3474 1037 3536 ad
1063 3484 1194 3537 tuorum
1221 3474 1302 3537 facis

100 3559 264 3625 auxilium
280 3560 419 3622 transire
434 3558 589 3622 fidelium.
606 3580 664 3641 per
679 3560 846 3622 christum.

556 3696 619 3759 Ad
628 3695 853 3777 conplendum.

145 3806 253 3891 [T²]ui
268 3807 404 3871 domine
428 3808 639 3889 perceptione
661 3809 859 3871 sacramenti
874 3816 908 3871 et
924 3829 943 3870 a
959 3809 1079 3871 nostris
1103 3809 1300 3873 mundemur

98 3894 246 3961 occultis.
261 3904 296 3958 et
311 3894 354 3957 ab
369 3894 514 3959 hostium
531 3893 707 3958 liberemur
722 3895 856 3958 insidiis.
873 3915 939 3977 per.

157 4108 208 4157 111.
232 4094 324 4159 Knn.
348 4095 436 4159 Duc.
461 4094 616 4157 Nantua
640 4093 780 4159 sinen
805 4093 1022 4158 Sarunnrur
1047 4093 1251 4157 Mancinus

146 4223 254 4301 lDeus
269 4222 325 4305 qui
347 4243 407 4286 nos
431 4222 520 4286 beati
546 4223 706 4287 saturnini
733 4222 886 4303 martyris
902 4221 949 4284 tui
967 4220 1121 4284 concedis
1137 4220 1192 4304 [fo.
1211 4224 1299 4301 163v.

100 4318 183 4375 nata
195 4310 259 4373 icio
274 4309 394 4393 perfrui
409 4310 481 4373 eius
496 4330 556 4375 nos
571 4310 679 4374 tribue
696 4310 820 4373 meritis
836 4308 993 4372 adiuuari.
1010 4328 1075 4391 per.

454 4444 490 4497 So
501 4444 558 4497 MS.
572 4445 611 4496 for
621 4446 677 4496 viii.
691 4444 740 4495 kal.

453 4510 518 4561 'l'bia
527 4512 600 4563 letter
610 4510 633 4561 is
642 4510 748 4562 omitted
759 4510 786 4561 in
797 4510 841 4563 the
853 4510 911 4563 MS.

1107 4588 1175 4656 Qz
