3038 5106
531 375 587 424 DE
612 374 787 425 COMPUTO
814 373 1112 424 ECCLESIASTICO.

353 528 509 611 Septenis
525 537 618 609 patet
634 528 695 590 hos
711 528 899 610 pariterque
915 526 1056 610 flagrare
1071 527 1230 593 kalendis

353 614 494 679 Octonis
511 635 605 696 pares
623 635 753 677 menses
774 623 852 677 sunt
867 614 976 678 idibus
992 634 1115 677 omnes.

356 704 455 765 lanus
471 712 504 764 et
521 712 658 783 agustus
674 722 806 783 semper
820 703 1009 783 mensisque
1025 701 1210 764 december.

354 790 546 854 Uoluuntur
561 790 655 851 denis
671 797 803 851 tantum
822 790 985 871 nonisque
1001 787 1159 851 kalendis.

353 877 401 940 At
417 887 533 939 contra
547 887 683 939 currunt
699 875 749 939 bis
766 877 861 938 nonis
877 876 938 938 rite
954 874 1115 938 kalendis.

355 965 468 1026 lunius
483 963 603 1044 aprelis
619 962 808 1044 september
823 971 857 1025 et
872 964 943 1043 ipse
958 962 1147 1025 nouember.

352 1050 493 1115 Sedenis
508 1048 641 1112 februus
656 1050 723 1112 cito
738 1051 828 1112 solus
844 1049 886 1111 ab
901 1048 1056 1111 omnibus
1072 1059 1167 1113 errat.

353 1138 409 1199 Bis
423 1138 511 1199 senis
527 1138 573 1200 sic
589 1138 655 1199 iam
673 1145 799 1199 rotatur
815 1135 984 1199 mensibus
1000 1155 1115 1199 annus,

353 1225 414 1287 Per
430 1244 535 1287 nonas
551 1225 690 1305 idusque
705 1224 882 1286 decurrens
902 1231 1003 1304 atque
1019 1222 1187 1287 kalendas.

353 1360 482 1423 Primis¹
500 1380 654 1422 romanas
670 1359 787 1422 ordiris
803 1360 877 1422 iane
887 1355 1048 1436 kalendel

352 1446 483 1510 Februa
498 1448 608 1509 uicino
626 1466 739 1509 mense
755 1466 857 1509 numa
872 1447 1024 1509 instituit.

353 1535 493 1597 Martius
507 1534 634 1614 antiqui
647 1533 827 1615 primordia
843 1534 981 1615 protulit
997 1533 1083 1595 anni.

353 1616 578 1692 Loetiferuntl
594 1620 731 1702 aprilem
748 1619 904 1683 uendicat
920 1622 1009 1682 alma
1026 1640 1138 1683 uenus.

352 1708 517 1770 Malorum
534 1708 659 1770 ducens
675 1716 806 1789 patrum
823 1708 866 1770 de
881 1707 1015 1769 nomine
1032 1707 1147 1769 maius.

352 1795 465 1858 Iunius
482 1795 601 1856 aetatis
619 1795 791 1875 proximus
807 1803 858 1857 est
873 1794 978 1857 titulo.

351 1882 495 1944 Nomine
510 1901 664 1943 caesareo
680 1879 855 1961 quintilem
872 1882 994 1943 mensis
1010 1882 1163 1962 adauget.

351 1968 524 2050 Augustus
541 1988 663 2030 nomen
679 1987 868 2029 caesareum
885 1969 1040 2049 sequitur.

348 2054 585 2136 Autumpnum
602 2051 720 2137 pomal
736 2064 852 2116 natum
868 2054 1057 2136 septembre
1074 2063 1218 2135 uegetas,

349 2143 494 2204 Triticeo
509 2140 679 2204 octember
695 2140 828 2204 foenore
843 2138 950 2215 dicati
964 2161 1070 2223 agros,

350 2228 468 2292 Sidera
484 2228 681 2311 praecipitas
698 2229 818 2310 pelago
837 2229 1037 2310 intempesta
1053 2225 1242 2289 nouember.

352 2315 503 2379 lmbrifer
519 2325 553 2377 at
569 2316 691 2377 mensis
707 2323 779 2377 tum
795 2314 972 2379 december
988 2316 1091 2378 adest.

264 2469 318 2533 Kl.
334 2469 413 2551 aprl.
439 2468 559 2530 dicitur
582 2488 655 2530 esse
679 2467 775 2530 sedes
799 2478 1011 2549 aepactarum
1039 2468 1117 2549 quia
1140 2478 1283 2549 quantos
1300 2471 1420 2532 aetatis

218 2557 317 2620 lunae
333 2556 398 2618 illic
426 2556 590 2617 inueneris
615 2563 666 2617 tot
690 2562 845 2636 aepactas
870 2554 1008 2617 habebis
1034 2556 1066 2617 in
1093 2555 1165 2637 ipso
1192 2576 1280 2618 anno
1303 2557 1418 2638 procul

220 2653 348 2706 remota
363 2644 454 2704 omni
471 2641 648 2705 dubietate.

265 2730 319 2792 Kl.
336 2730 415 2811 aprl.
432 2730 551 2793 dicitur
566 2749 638 2791 esse
654 2728 745 2791 locus
761 2729 1026 2791 concurrentium
1042 2729 1120 2809 quia
1136 2726 1244 2809 quodi
1260 2728 1357 2793 serias
1373 2730 1416 2793 ibi

219 2827 403 2879 transactas
420 2817 567 2879 inuenies
584 2837 627 2878 ex
652 2825 731 2878 tunc
757 2816 920 2897 praesenti
945 2815 1018 2877 ebd.
1043 2825 1093 2877 tot
1117 2827 1350 2879 concurrentes
1384 2819 1416 2880 in

219 2906 293 2986 ipso
310 2924 398 2966 anno
414 2904 570 2965 inuenies,

264 2990 329 3072 [S]i
357 2991 558 3071 inuestigare
592 2989 733 3051 uolueris
760 2988 936 3051 cuiuslibet
969 2989 1047 3050 anni
1081 2999 1312 3052 concurrentes
1340 3001 1417 3054 tene

222 3078 412 3141 memoriter
428 3078 469 3139 kl.
487 3076 565 3158 aprl.
583 3077 661 3138 anni
677 3076 860 3158 praesentis
876 3085 911 3138 et
926 3085 1030 3156 quota
1046 3075 1127 3138 feria
1142 3075 1263 3139 fuerint
1280 3076 1322 3139 kl.
1336 3078 1415 3161 aprl.

220 3175 269 3228 tot
286 3174 517 3227 concurrentes
531 3165 577 3241 lin
595 3164 667 3244 ipso
683 3183 771 3225 anno
786 3171 890 3225 erunt.
1270 3163 1326 3245 [lo
1344 3182 1416 3230 20v.

265 3252 301 3316 Si
318 3251 428 3314 subito
453 3262 609 3332 aepactas
633 3249 800 3331 sequentis
826 3245 938 3321 annisi
954 3250 1154 3330 inuestigare
1180 3250 1323 3314 uolueris
1339 3263 1416 3316 tene

219 3348 375 3421 aepactas
400 3339 477 3400 anni
503 3338 684 3418 praesentis
709 3346 742 3398 et
768 3337 855 3400 adde
882 3338 918 3398 xi
934 3346 967 3398 et
984 3338 1031 3399 ita
1054 3336 1226 3418 repperies
1251 3339 1278 3399 si
1302 3350 1414 3402 autem

220 3428 306 3490 ultra
342 3447 427 3487 xxx.
455 3424 640 3487 exercuerit
673 3422 830 3485 subtrahe
860 3444 945 3486 xxx.
973 3433 1006 3485 et
1036 3433 1118 3503 quot
1150 3426 1344 3488 remanserit
1370 3447 1416 3489 ex

222 3533 360 3577 numero
376 3532 469 3574 sume
485 3522 519 3572 et
541 3512 612 3591 ipsa
628 3510 688 3571 erit
703 3510 851 3572 eiusdem
868 3511 946 3572 anni
962 3520 1101 3591 aepacta
1116 3512 1158 3573 de
1174 3531 1239 3592 qua
1255 3515 1394 3593 quaeris.

263 3602 437 3680 Coniunge
466 3598 631 3678 regulares
661 3596 866 3679 singulorum
894 3598 1058 3659 mensium
1089 3607 1122 3659 et
1152 3609 1307 3680 aepactas
1338 3602 1416 3662 anni

218 3692 378 3770 cuiusque
394 3687 469 3748 etsi
488 3706 572 3746 xxx.
589 3683 711 3746 fuerint
735 3685 807 3764 ipsa
833 3692 884 3746 est
909 3694 1001 3746 aetas
1027 3684 1124 3746 lunae
1140 3705 1239 3766 super
1256 3685 1415 3750 kalendis.

217 3780 244 3841 si
269 3776 412 3857 amplius
436 3794 522 3834 xxx.
538 3770 617 3834 tolle
640 3791 728 3832 xxx.
754 3779 788 3833 et
811 3781 893 3852 quot
919 3781 1113 3833 remaneant
1145 3772 1216 3854 ipsa
1242 3782 1292 3834 est
1323 3785 1416 3837 aetas

217 3867 302 3929 lune.

262 3952 434 4015 Memento
440 3945 530 4028 quod
541 3964 629 4006 anno
640 3944 1106 4007 nouissimodecennouenalis
1117 3944 1229 4007 lunam
1241 3948 1415 4010 nouembri

217 4038 340 4102 mensis
367 4035 465 4097 xxix.
489 4040 624 4114 propter
651 4029 725 4112 quii
746 4051 786 4093 eo
811 4051 900 4092 anno
927 4032 1120 4095 inserendus
1144 4043 1195 4095 est
1221 4043 1417 4116 computare

216 4124 412 4292 degetidrsitos
422 4208 492 4271 dies
505 4215 583 4267 ante
595 4205 700 4283 pridie
713 4205 787 4268 idus
796 4204 908 4286 aprilis
917 4203 1071 4267 habueris
1082 4206 1334 4288 pascha.tantos
1345 4209 1417 4272 dies

215 4310 292 4383 post
319 4295 479 4359 kalendas
505 4293 613 4354 martii
639 4290 777 4354 habebis
801 4291 886 4353 xlma.
904 4302 937 4353 et
965 4303 1108 4373 quantos
1131 4294 1201 4354 dies
1217 4305 1294 4375 post
1311 4297 1417 4376 pridie

217 4389 292 4452 idus
308 4384 420 4467 aprilis
436 4380 589 4443 habueris
606 4379 730 4460 pascha
746 4388 858 4442 tantos
874 4378 945 4440 dies
961 4389 1038 4460 post
1054 4378 1290 4455 kalendarum†
1306 4385 1416 4447 martii

539 4561 546 4592 ¹
558 4566 694 4615 Corrected
706 4574 733 4614 to
745 4566 851 4614 Primus
862 4563 895 4627 by
908 4563 971 4613 later
981 4564 1058 4615 hand.
