3038 5106
204 327 238 377 90
595 316 644 367 IN
665 316 785 366 SABBA
792 316 837 366 TO
862 315 1018 367 smero·

250 467 394 533 Oremus
420 478 454 533 et
478 489 539 552 pro
565 468 717 533 hereticis
742 480 776 533 et
801 469 1005 534 scismaticis,
1029 477 1066 533 ut
1089 470 1172 533 deus
1196 476 1231 532 et
1255 467 1417 532 dominus

207 565 318 618 noster
345 558 431 619 iesus
455 557 596 620 christus
620 565 713 620 eruat
740 554 819 631 nosi
844 557 886 620 ab
916 556 1081 619 erroribus
1110 556 1280 619 uniuersis.
1304 565 1340 618 et
1369 556 1417 617 ad

205 653 356 706 sanctam
374 653 513 707 matrem
530 643 723 708 aecclesiam
739 642 937 708 catholicam
953 656 1054 726 atque
1076 643 1295 726 apostolicam
1320 662 1418 705 reuo-

205 748 279 792 care
295 732 459 812 dignetur.

746 828 891 894 Orcmus.

253 939 476 1023 Omnipotens
501 942 702 1024 sempiterne
725 942 808 1005 deus
831 942 887 1023 qui
913 940 1023 1003 saluas
1047 961 1173 1005 omnes,
1190 950 1223 1004 et
1243 939 1417 1002 neminem

209 1024 274 1109 suis
290 1031 402 1109 perire.
420 1029 544 1110 respice
564 1028 607 1091 ad
630 1030 759 1091 animas
781 1028 946 1092 diabolica
969 1027 1082 1091 fraude
1105 1030 1271 1110 deceptas.
1288 1026 1347 1108 [fo.
1363 1026 1418 1088 61.

210 1124 246 1176 ut
262 1117 352 1177 omni
375 1115 519 1178 heretica
534 1117 698 1198 prauitate
714 1116 866 1197 deposita
881 1117 1061 1178 errantium
1085 1117 1186 1178 corda
1209 1115 1418 1197 resipiscant.

210 1211 243 1264 et
259 1203 302 1263 ad
319 1204 467 1265 ueritatis
483 1212 560 1265 tuae
576 1205 712 1266 redeant
729 1204 902 1266 unitatem.
918 1222 976 1284 per
992 1203 1173 1266 dominum.

255 1312 398 1376 Orcmus
424 1326 458 1378 et
482 1335 542 1396 pro
567 1313 700 1396 perfidis
727 1316 871 1378 iudaeis:
899 1324 936 1377 ut
962 1315 1044 1377 deus
1067 1326 1101 1378 et
1123 1313 1280 1376 dominus
1303 1321 1419 1375 noster

210 1400 337 1464 auferat
354 1402 505 1464 uelamen
522 1402 564 1464 de
580 1403 733 1464 cordibus
752 1422 875 1464 eorum.
897 1413 933 1465 ut
956 1414 989 1465 et
1014 1403 1076 1484 ipsi
1099 1411 1284 1483 agnoscant
1307 1401 1414 1462 iesum

212 1487 371 1550 christum
388 1490 561 1551 dominum
578 1500 737 1553 nostrum.

740 1626 883 1692 Orcmus.

253 1737 477 1820 Omnipotens
500 1738 700 1820 sempiterne
723 1740 805 1802 deus
827 1739 884 1820 qui
900 1738 1002 1802 etiarn
1019 1738 1183 1801 iudaicam
1200 1734 1374 1819 perfidiam
1393 1756 1412 1797 a

211 1835 268 1888 tua
292 1826 514 1888 misericordia
538 1846 604 1887 non
628 1826 765 1907 repellis.
782 1826 906 1889 exaudi
930 1846 1063 1908 praeces
1086 1836 1222 1887 nostras.
1247 1843 1332 1905 quas
1356 1842 1413 1905 pro

210 1912 297 1974 illius
313 1913 426 1993 populi
443 1913 657 1975 obcecatione
672 1913 856 1975 deferimus
874 1923 910 1977 ut
928 1914 1042 1995 agnita
1063 1912 1212 1975 ueritatis
1235 1922 1315 1973 tuae
1331 1909 1413 1986 luce.

211 2019 296 2080 quae
312 1999 453 2061 christus
470 2010 527 2061 est.
544 2020 563 2061 a
579 2001 646 2061 suis
663 2000 807 2063 tenebris
822 2011 987 2063 eruantur.
1003 2020 1063 2083 per
1076 2001 1229 2062 eundem.

256 2111 398 2174 Oremus
411 2120 444 2173 et
460 2131 519 2192 pro
532 2113 679 2192 paganis.
693 2122 728 2174 ut
741 2113 822 2174 deus
835 2112 1047 2193 omnipotens
1059 2111 1186 2173 auferat
1203 2108 1413 2191 iniquitatem

210 2217 231 2259 a
255 2197 408 2259 cordibus
432 2218 554 2259 eorum.
571 2208 604 2260 et
629 2199 750 2261 relictis
776 2200 873 2262 idolis
896 2201 964 2260 suis
988 2208 1224 2261 conuertantur
1246 2198 1288 2258 ad
1313 2197 1412 2258 deum

211 2284 325 2346 uiuum
352 2295 386 2347 et
412 2304 535 2346 uerum.
559 2295 593 2347 et
621 2287 753 2347 unicum
779 2285 881 2348 filium
909 2287 980 2348 eius
1003 2287 1106 2348 iesum
1131 2286 1290 2346 christum
1314 2284 1413 2347 deum

210 2382 244 2433 et
268 2372 441 2434 dominum
466 2381 625 2436 nostrum.
669 2372 755 2436 Cum
780 2393 847 2455 quo
871 2374 954 2436 uiuit
984 2384 1019 2437 et
1048 2383 1165 2454 regnat
1188 2391 1266 2434 cum
1296 2371 1413 2452 spiritu

211 2469 335 2521 sancto

734 2563 879 2627 Oramus.

256 2673 480 2756 Omnipotens
496 2675 696 2756 sempiterne
711 2675 794 2738 deus
809 2676 865 2757 qui
883 2695 948 2737 non
965 2676 1015 2737 uis
1033 2685 1173 2737 mortem
1199 2681 1412 2755 peccatorum

211 2763 269 2823 sed
287 2763 389 2823 uitam
406 2782 537 2843 semper
553 2763 697 2843 inquiris.
713 2763 843 2844 suscipe
866 2764 1028 2845 propitius
1049 2764 1233 2824 orationem
1257 2772 1413 2823 nostram.

211 2858 245 2910 et
283 2847 384 2909 libera
414 2868 471 2910 cos
501 2849 544 2910 ab
575 2849 737 2911 idolorum
762 2850 889 2912 cultura
919 2859 952 2912 et
987 2850 1133 2931 adgrega
1155 2848 1315 2910 ecclesiae
1338 2857 1414 2909 tuae

212 2945 347 2997 sanctae
378 2936 419 2996 ad
459 2935 590 2997 laudem
629 2947 663 2998 et
700 2937 839 3017 gloriam
878 2937 1021 2999 nominis
1059 2937 1115 2998 tui.
1146 2956 1204 3017 per
1241 2935 1414 2997 dominum

212 3034 371 3084 nostruin.

510 3228 682 3293 Snassnro
707 3230 943 3293 Bsuunrcrro
967 3228 1118 3293 Cannar.

257 3357 398 3421 Exultet
442 3357 507 3419 iam
554 3359 704 3439 angelica
749 3359 846 3421 turba
890 3359 1064 3421 caelorum.
1104 3358 1257 3421 exultent
1302 3359 1416 3422 diuina

214 3446 378 3527 mysteria.
405 3456 437 3506 et
468 3465 528 3525 pro
559 3447 642 3507 tanti
675 3446 759 3526 regis
791 3447 928 3507 uictoria
959 3446 1038 3508 tuba
1070 3443 1231 3525 instonatl
1261 3445 1316 3527 [fo.
1342 3449 1414 3510 61v.

213 3533 372 3593 salutaris.
426 3531 580 3594 Gaudeat
626 3553 660 3594 se
694 3532 790 3595 tellus
822 3534 923 3595 tantis
961 3534 1124 3595 inradiata
1155 3533 1346 3613 fulgoribus.
1384 3542 1416 3595 et

212 3618 336 3681 aeterni
361 3620 445 3698 regis
469 3617 644 3699 splendore
668 3620 812 3683 lustrata.
830 3621 931 3681 totius
954 3620 1042 3681 orbis
1065 3639 1101 3681 se
1123 3621 1244 3681 sentiat
1267 3621 1417 3682 amisisse

211 3706 394 3786 caliginem.
443 3705 601 3767 Laetetur
617 3718 649 3768 et
674 3720 780 3769 mater
802 3707 968 3768 aecclesia.
990 3707 1073 3768 tanti
1098 3706 1231 3769 luminis
1255 3708 1416 3768 adornata

213 3792 395 3873 fulgoribus
426 3803 458 3853 et
494 3794 623 3874 magnis
654 3794 852 3874 populorum
883 3792 1019 3855 uocibus
1050 3793 1131 3855 haec
1162 3793 1238 3854 aula
1269 3793 1415 3855 resultet.

212 3879 425 3960 Quapropter
450 3880 659 3942 adstantibus
685 3881 778 3942 uobis
803 3880 919 3943 fratres
944 3880 1107 3942 karissimi
1135 3882 1176 3942 ad
1203 3891 1271 3942 tam
1299 3881 1415 3942 miram

214 3968 318 4028 sancti
341 3966 437 4027 huius
462 3967 593 4028 luminis
618 3967 810 4029 claritatem.
836 3988 902 4029 una
926 3987 1055 4029 mecum
1081 3987 1205 4047 quaeso
1231 3967 1284 4028 dei
1310 3968 1417 4030 omni-

213 4055 359 4136 potentis
385 4054 642 4115 misericordiam
671 4055 824 4116 inuocate
855 4064 891 4117 ut
921 4055 978 4136 qui
1007 4075 1059 4115 me
1088 4074 1153 4115 non
1180 4054 1261 4115 meis
1290 4054 1416 4117 meritis

211 4143 297 4203 intra
328 4140 502 4202 leuitarum
527 4161 699 4202 numerum
731 4142 887 4222 dignatus
917 4152 968 4204 est
998 4143 1186 4222 adgregare.
1209 4140 1343 4203 luminis
1370 4143 1417 4202 sui

212 4229 318 4310 gratia
349 4227 543 4290 infundente
573 4229 677 4289 caerei
708 4227 804 4290 huius
836 4228 967 4290 laudern
1006 4227 1142 4309 implere
1172 4226 1328 4309 perficiat.
1361 4247 1418 4308 per

213 4317 385 4376 dominum
425 4325 573 4377 nostrum
612 4315 716 4377 iesum
755 4315 912 4377 christum
951 4313 1054 4376 filium
1093 4334 1189 4376 suum
1235 4315 1292 4395 qui
1342 4334 1416 4376 curn

214 4401 270 4463 illo
297 4401 380 4463 uiuit
405 4410 438 4462 et
466 4413 582 4483 regnat
608 4403 690 4465 deus
715 4403 747 4463 in
773 4403 902 4466 unitate
926 4402 1060 4483 spiritus
1085 4401 1198 4464 sancti.
1221 4420 1281 4483 per
1304 4400 1417 4464 omnia

213 4488 344 4551 saecula
359 4487 575 4553 saeculorum.
621 4489 733 4553 Amen
