<?xml version="1.0" encoding="UTF-8"?>
<!DOCTYPE html PUBLIC "-//W3C//DTD XHTML 1.0 Transitional//EN"
    "http://www.w3.org/TR/xhtml1/DTD/xhtml1-transitional.dtd">
<html xmlns="http://www.w3.org/1999/xhtml" xml:lang="en" lang="en">
 <head>
  <title>
</title>
<meta http-equiv="Content-Type" content="text/html;charset=utf-8" />
  <meta name='ocr-system' content='tesseract 3.04.00' />
  <meta name='ocr-capabilities' content='ocr_page ocr_carea ocr_par ocr_line ocrx_word'/>
</head>
<body>
  <div class='ocr_page' id='page_1' title='image "./missalrobertjum00wilsgoog_0347.png"; bbox 0 0 3038 5106; ppageno 0'>
   <div class='ocr_carea' id='block_1_1' title="bbox 349 350 1334 419">
    <p class='ocr_par' dir='ltr' id='par_1_1' title="bbox 349 350 1334 419">
     <span class='ocr_line' id='line_1_1' title="bbox 349 350 1334 419; baseline 0.001 -16"><span class='ocrx_word' id='word_1_1' title='bbox 349 352 461 403; x_wconf 80' lang='lat' dir='ltr'><em>MISSA</em></span> <span class='ocrx_word' id='word_1_2' title='bbox 483 352 539 403; x_wconf 79' lang='lat' dir='ltr'>AD</span> <span class='ocrx_word' id='word_1_3' title='bbox 560 350 796 403; x_wconf 78' lang='lat' dir='ltr'><em>POSCENDAM</em></span> <span class='ocrx_word' id='word_1_4' title='bbox 813 352 1100 404; x_wconf 80' lang='lat' dir='ltr'>SERENIYAYEM.</span> <span class='ocrx_word' id='word_1_5' title='bbox 1283 355 1334 419; x_wconf 80' lang='lat'>265</span> 
     </span>
    </p>
   </div>
   <div class='ocr_carea' id='block_1_2' title="bbox 127 503 1334 743">
    <p class='ocr_par' dir='ltr' id='par_1_2' title="bbox 127 503 1334 743">
     <span class='ocr_line' id='line_1_2' title="bbox 127 503 1330 591; baseline 0 -20"><span class='ocrx_word' id='word_1_6' title='bbox 127 503 332 591; x_wconf 86' lang='lat' dir='ltr'>principibus</span> <span class='ocrx_word' id='word_1_7' title='bbox 357 506 479 571; x_wconf 86' lang='lat' dir='ltr'>nostris</span> <span class='ocrx_word' id='word_1_8' title='bbox 503 504 667 589; x_wconf 86' lang='lat' dir='ltr'>propitius</span> <span class='ocrx_word' id='word_1_9' title='bbox 691 507 809 570; x_wconf 85' lang='lat' dir='ltr'>adesse</span> <span class='ocrx_word' id='word_1_10' title='bbox 835 507 990 589; x_wconf 87' lang='lat' dir='ltr'>digneris.</span> <span class='ocrx_word' id='word_1_11' title='bbox 1006 516 1044 571; x_wconf 95' lang='lat' dir='ltr'>ut</span> <span class='ocrx_word' id='word_1_12' title='bbox 1067 507 1124 589; x_wconf 93' lang='lat' dir='ltr'>qui</span> <span class='ocrx_word' id='word_1_13' title='bbox 1147 515 1205 571; x_wconf 93' lang='lat' dir='ltr'>tua</span> <span class='ocrx_word' id='word_1_14' title='bbox 1227 527 1330 591; x_wconf 88' lang='lat' dir='ltr'>expe-</span> 
     </span>
     <span class='ocr_line' id='line_1_3' title="bbox 127 592 1334 743; baseline 0.001 -87"><span class='ocrx_word' id='word_1_15' title='bbox 127 594 489 743; x_wconf 55' lang='lat' dir='ltr'>llllstsuemptotectione</span> <span class='ocrx_word' id='word_1_16' title='bbox 503 592 646 657; x_wconf 84' lang='lat' dir='ltr'>delendi.</span> <span class='ocrx_word' id='word_1_17' title='bbox 662 593 816 658; x_wconf 91' lang='lat' dir='ltr'>omnibus</span> <span class='ocrx_word' id='word_1_18' title='bbox 837 594 904 657; x_wconf 92' lang='lat' dir='ltr'>sint</span> <span class='ocrx_word' id='word_1_19' title='bbox 924 594 1074 657; x_wconf 91' lang='lat' dir='ltr'><strong>hostibus</strong></span> <span class='ocrx_word' id='word_1_20' title='bbox 1099 594 1256 658; x_wconf 82' lang='lat' dir='ltr'>fortiores.</span> <span class='ocrx_word' id='word_1_21' title='bbox 1272 615 1334 678; x_wconf 92' lang='lat' dir='ltr'>per</span> 
     </span>
    </p>
   </div>
   <div class='ocr_carea' id='block_1_3' title="bbox 582 801 880 882">
    <p class='ocr_par' dir='ltr' id='par_1_3' title="bbox 582 801 880 882">
     <span class='ocr_line' id='line_1_4' title="bbox 582 801 880 882; baseline 0 -19"><span class='ocrx_word' id='word_1_22' title='bbox 582 801 644 863; x_wconf 78' lang='lat' dir='ltr'>Ad</span> <span class='ocrx_word' id='word_1_23' title='bbox 654 801 880 882; x_wconf 64' lang='lat' dir='ltr'>corrmlendum.</span> 
     </span>
    </p>
   </div>
   <div class='ocr_carea' id='block_1_4' title="bbox 127 912 1330 1255">
    <p class='ocr_par' dir='ltr' id='par_1_4' title="bbox 127 912 1330 1255">
     <span class='ocr_line' id='line_1_5' title="bbox 173 912 1330 996; baseline 0.001 -21"><span class='ocrx_word' id='word_1_24' title='bbox 173 912 265 976; x_wconf 92' lang='lat' dir='ltr'>Deus</span> <span class='ocrx_word' id='word_1_25' title='bbox 289 923 405 976; x_wconf 87' lang='lat' dir='ltr'>auctor</span> <span class='ocrx_word' id='word_1_26' title='bbox 430 914 521 996; x_wconf 87' lang='lat' dir='ltr'>pacis</span> <span class='ocrx_word' id='word_1_27' title='bbox 544 923 578 976; x_wconf 91' lang='lat' dir='ltr'>et</span> <span class='ocrx_word' id='word_1_28' title='bbox 600 922 738 975; x_wconf 91' lang='lat' dir='ltr'>amator.</span> <span class='ocrx_word' id='word_1_29' title='bbox 754 932 853 993; x_wconf 93' lang='lat' dir='ltr'>quem</span> <span class='ocrx_word' id='word_1_30' title='bbox 881 922 983 975; x_wconf 80' lang='lat' dir='ltr'>nosse&#39;</span> <span class='ocrx_word' id='word_1_31' title='bbox 999 915 1117 976; x_wconf 89' lang='lat' dir='ltr'>uiuere.</span> <span class='ocrx_word' id='word_1_32' title='bbox 1134 915 1185 976; x_wconf 92' lang='lat' dir='ltr'>cui</span> <span class='ocrx_word' id='word_1_33' title='bbox 1209 915 1330 976; x_wconf 89' lang='lat' dir='ltr'>seruire</span> 
     </span>
     <span class='ocr_line' id='line_1_6' title="bbox 129 998 1328 1083; baseline 0.001 -22"><span class='ocrx_word' id='word_1_34' title='bbox 129 1018 265 1081; x_wconf 90' lang='lat' dir='ltr'>regnare</span> <span class='ocrx_word' id='word_1_35' title='bbox 281 1010 331 1062; x_wconf 92' lang='lat' dir='ltr'>est</span> <span class='ocrx_word' id='word_1_36' title='bbox 347 1010 484 1082; x_wconf 88' lang='lat' dir='ltr'>protege</span> <span class='ocrx_word' id='word_1_37' title='bbox 508 998 551 1062; x_wconf 91' lang='lat' dir='ltr'>ab</span> <span class='ocrx_word' id='word_1_38' title='bbox 566 999 721 1062; x_wconf 91' lang='lat' dir='ltr'>omnibus</span> <span class='ocrx_word' id='word_1_39' title='bbox 744 999 1038 1081; x_wconf 88' lang='lat' dir='ltr'>inpugnationibus</span> <span class='ocrx_word' id='word_1_40' title='bbox 1054 1001 1219 1083; x_wconf 91' lang='lat' dir='ltr'>supplices</span> <span class='ocrx_word' id='word_1_41' title='bbox 1245 1013 1328 1064; x_wconf 81' lang='lat' dir='ltr'>tuos</span> 
     </span>
     <span class='ocr_line' id='line_1_7' title="bbox 127 1085 1327 1167; baseline 0.003 -19"><span class='ocrx_word' id='word_1_42' title='bbox 127 1096 164 1149; x_wconf 92' lang='lat' dir='ltr'>ut</span> <span class='ocrx_word' id='word_1_43' title='bbox 188 1087 243 1167; x_wconf 93' lang='lat' dir='ltr'>qui</span> <span class='ocrx_word' id='word_1_44' title='bbox 271 1088 303 1149; x_wconf 92' lang='lat' dir='ltr'>in</span> <span class='ocrx_word' id='word_1_45' title='bbox 328 1086 521 1150; x_wconf 82' lang='lat' dir='ltr'>defensione</span> <span class='ocrx_word' id='word_1_46' title='bbox 552 1097 609 1149; x_wconf 92' lang='lat' dir='ltr'>tua</span> <span class='ocrx_word' id='word_1_47' title='bbox 632 1085 837 1149; x_wconf 82' lang='lat' dir='ltr'>confidimus,</span> <span class='ocrx_word' id='word_1_48' title='bbox 862 1086 982 1149; x_wconf 90' lang='lat' dir='ltr'>nullius</span> <span class='ocrx_word' id='word_1_49' title='bbox 1013 1087 1204 1150; x_wconf 88' lang='lat' dir='ltr'>hostilitatis</span> <span class='ocrx_word' id='word_1_50' title='bbox 1235 1108 1327 1151; x_wconf 87' lang='lat' dir='ltr'>arma</span> 
     </span>
     <span class='ocr_line' id='line_1_8' title="bbox 127 1173 750 1255; baseline 0 -20"><span class='ocrx_word' id='word_1_51' title='bbox 127 1173 312 1237; x_wconf 81' lang='lat' dir='ltr'>timeamus</span> <span class='ocrx_word' id='word_1_52' title='bbox 329 1195 388 1255; x_wconf 89' lang='lat' dir='ltr'>per</span> <span class='ocrx_word' id='word_1_53' title='bbox 402 1175 574 1237; x_wconf 92' lang='lat' dir='ltr'>dominum</span> <span class='ocrx_word' id='word_1_54' title='bbox 592 1184 750 1235; x_wconf 91' lang='lat' dir='ltr'>nostrum.</span> 
     </span>
    </p>
   </div>
   <div class='ocr_carea' id='block_1_5' title="bbox 369 1365 1081 1431">
    <p class='ocr_par' dir='ltr' id='par_1_5' title="bbox 369 1365 1081 1431">
     <span class='ocr_line' id='line_1_9' title="bbox 369 1365 1081 1431; baseline 0.004 -4"><span class='ocrx_word' id='word_1_55' title='bbox 369 1365 485 1429; x_wconf 80' lang='lat' dir='ltr'>M1ssn</span> <span class='ocrx_word' id='word_1_56' title='bbox 508 1380 560 1428; x_wconf 80' lang='lat' dir='ltr'>An</span> <span class='ocrx_word' id='word_1_57' title='bbox 584 1367 760 1431; x_wconf 76' lang='lat' dir='ltr'>Puuuuuu</span> <span class='ocrx_word' id='word_1_58' title='bbox 787 1367 1081 1431; x_wconf 75' lang='lat' dir='ltr'>Possuunuonlr.</span> 
     </span>
    </p>
   </div>
   <div class='ocr_carea' id='block_1_6' title="bbox 123 1490 1329 1748">
    <p class='ocr_par' dir='ltr' id='par_1_6' title="bbox 123 1490 1329 1748">
     <span class='ocr_line' id='line_1_10' title="bbox 172 1490 1329 1574; baseline 0.004 -21"><span class='ocrx_word' id='word_1_59' title='bbox 172 1490 264 1553; x_wconf 92' lang='lat' dir='ltr'>Deus</span> <span class='ocrx_word' id='word_1_60' title='bbox 280 1491 313 1552; x_wconf 94' lang='lat' dir='ltr'>in</span> <span class='ocrx_word' id='word_1_61' title='bbox 329 1511 396 1572; x_wconf 94' lang='lat' dir='ltr'>quo</span> <span class='ocrx_word' id='word_1_62' title='bbox 411 1491 553 1554; x_wconf 91' lang='lat' dir='ltr'>uiuimus</span> <span class='ocrx_word' id='word_1_63' title='bbox 576 1512 748 1555; x_wconf 92' lang='lat' dir='ltr'>mouemur</span> <span class='ocrx_word' id='word_1_64' title='bbox 767 1502 801 1554; x_wconf 92' lang='lat' dir='ltr'>et</span> <span class='ocrx_word' id='word_1_65' title='bbox 816 1512 931 1555; x_wconf 91' lang='lat' dir='ltr'>sumus</span> <span class='ocrx_word' id='word_1_66' title='bbox 946 1493 1093 1574; x_wconf 87' lang='lat' dir='ltr'>pluuiam</span> <span class='ocrx_word' id='word_1_67' title='bbox 1111 1493 1206 1557; x_wconf 93' lang='lat' dir='ltr'>nobis</span> <span class='ocrx_word' id='word_1_68' title='bbox 1222 1494 1329 1558; x_wconf 89' lang='lat' dir='ltr'>tribue</span> 
     </span>
     <span class='ocr_line' id='line_1_11' title="bbox 125 1579 1329 1663; baseline 0.003 -24"><span class='ocrx_word' id='word_1_69' title='bbox 125 1590 372 1659; x_wconf 86' lang='lat' dir='ltr'>congruentem.</span> <span class='ocrx_word' id='word_1_70' title='bbox 389 1588 425 1640; x_wconf 94' lang='lat' dir='ltr'>ut</span> <span class='ocrx_word' id='word_1_71' title='bbox 448 1579 678 1660; x_wconf 90' lang='lat' dir='ltr'>praesentibus</span> <span class='ocrx_word' id='word_1_72' title='bbox 694 1579 848 1643; x_wconf 89' lang='lat' dir='ltr'>subsidiis</span> <span class='ocrx_word' id='word_1_73' title='bbox 865 1579 1062 1643; x_wconf 90' lang='lat' dir='ltr'>sufficienter</span> <span class='ocrx_word' id='word_1_74' title='bbox 1078 1581 1189 1643; x_wconf 89' lang='lat' dir='ltr'>adiuti.</span> <span class='ocrx_word' id='word_1_75' title='bbox 1206 1583 1329 1663; x_wconf 92' lang='lat' dir='ltr'>sempi-</span> 
     </span>
     <span class='ocr_line' id='line_1_12' title="bbox 123 1663 721 1748; baseline 0.002 -21"><span class='ocrx_word' id='word_1_76' title='bbox 123 1674 219 1727; x_wconf 88' lang='lat' dir='ltr'>terna</span> <span class='ocrx_word' id='word_1_77' title='bbox 235 1663 418 1728; x_wconf 87' lang='lat' dir='ltr'>fiducialius</span> <span class='ocrx_word' id='word_1_78' title='bbox 434 1675 639 1747; x_wconf 90' lang='lat' dir='ltr'>appetamus.</span> <span class='ocrx_word' id='word_1_79' title='bbox 655 1687 721 1748; x_wconf 89' lang='lat' dir='ltr'>per.</span> 
     </span>
    </p>
   </div>
   <div class='ocr_carea' id='block_1_7' title="bbox 662 1803 798 1867">
    <p class='ocr_par' dir='ltr' id='par_1_7' title="bbox 662 1803 798 1867">
     <span class='ocr_line' id='line_1_13' title="bbox 662 1803 798 1867; baseline -0.007 0"><span class='ocrx_word' id='word_1_80' title='bbox 662 1803 798 1867; x_wconf 79' lang='lat' dir='ltr'>Secreta.</span> 
     </span>
    </p>
   </div>
   <div class='ocr_carea' id='block_1_8' title="bbox 125 1912 1328 2085">
    <p class='ocr_par' dir='ltr' id='par_1_8' title="bbox 125 1912 1328 2085">
     <span class='ocr_line' id='line_1_14' title="bbox 172 1912 1328 1998; baseline 0.003 -20"><span class='ocrx_word' id='word_1_81' title='bbox 172 1912 303 1978; x_wconf 91' lang='lat' dir='ltr'>Oblatis</span> <span class='ocrx_word' id='word_1_82' title='bbox 327 1915 462 1978; x_wconf 91' lang='lat' dir='ltr'>domine</span> <span class='ocrx_word' id='word_1_83' title='bbox 477 1916 609 1998; x_wconf 87' lang='lat' dir='ltr'>placare</span> <span class='ocrx_word' id='word_1_84' title='bbox 627 1916 824 1979; x_wconf 91' lang='lat' dir='ltr'>muneribus.</span> <span class='ocrx_word' id='word_1_85' title='bbox 841 1925 875 1978; x_wconf 92' lang='lat' dir='ltr'>et</span> <span class='ocrx_word' id='word_1_86' title='bbox 891 1926 1091 1997; x_wconf 88' lang='lat' dir='ltr'>oportunum</span> <span class='ocrx_word' id='word_1_87' title='bbox 1109 1917 1204 1980; x_wconf 92' lang='lat' dir='ltr'>nobis</span> <span class='ocrx_word' id='word_1_88' title='bbox 1220 1918 1328 1982; x_wconf 88' lang='lat' dir='ltr'>tribue</span> 
     </span>
     <span class='ocr_line' id='line_1_15' title="bbox 125 2000 733 2085; baseline 0.005 -22"><span class='ocrx_word' id='word_1_89' title='bbox 125 2000 258 2083; x_wconf 89' lang='lat' dir='ltr'>pluuiae</span> <span class='ocrx_word' id='word_1_90' title='bbox 273 2001 464 2066; x_wconf 89' lang='lat' dir='ltr'>sufficientis</span> <span class='ocrx_word' id='word_1_91' title='bbox 480 2002 650 2066; x_wconf 86' lang='lat' dir='ltr'>auxilium.</span> <span class='ocrx_word' id='word_1_92' title='bbox 667 2023 733 2085; x_wconf 91' lang='lat' dir='ltr'>per.</span> 
     </span>
    </p>
   </div>
   <div class='ocr_carea' id='block_1_9' title="bbox 636 2132 816 2212">
    <p class='ocr_par' dir='ltr' id='par_1_9' title="bbox 636 2132 816 2212">
     <span class='ocr_line' id='line_1_16' title="bbox 636 2132 816 2212; baseline 0.011 -18"><span class='ocrx_word' id='word_1_93' title='bbox 636 2132 816 2212; x_wconf 83' lang='lat' dir='ltr'>Praefatio.</span> 
     </span>
    </p>
   </div>
   <div class='ocr_carea' id='block_1_10' title="bbox 126 2243 1328 2935">
    <p class='ocr_par' dir='ltr' id='par_1_10' title="bbox 126 2243 1328 2935">
     <span class='ocr_line' id='line_1_17' title="bbox 170 2243 1328 2328; baseline 0.001 -20"><span class='ocrx_word' id='word_1_94' title='bbox 170 2244 221 2308; x_wconf 71' lang='lat' dir='ltr'>ff)</span> <span class='ocrx_word' id='word_1_95' title='bbox 238 2256 370 2307; x_wconf 92' lang='lat' dir='ltr'>aeterne</span> <span class='ocrx_word' id='word_1_96' title='bbox 386 2245 475 2307; x_wconf 92' lang='lat' dir='ltr'>deus.</span> <span class='ocrx_word' id='word_1_97' title='bbox 522 2243 746 2308; x_wconf 89' lang='lat' dir='ltr'>Obsecrantes</span> <span class='ocrx_word' id='word_1_98' title='bbox 774 2245 1031 2308; x_wconf 90' lang='lat' dir='ltr'>misericordiam</span> <span class='ocrx_word' id='word_1_99' title='bbox 1057 2255 1148 2308; x_wconf 87' lang='lat' dir='ltr'>tuam</span> <span class='ocrx_word' id='word_1_100' title='bbox 1170 2255 1206 2309; x_wconf 92' lang='lat' dir='ltr'>ut</span> <span class='ocrx_word' id='word_1_101' title='bbox 1229 2267 1328 2328; x_wconf 90' lang='lat' dir='ltr'>squa-</span> 
     </span>
     <span class='ocr_line' id='line_1_18' title="bbox 127 2330 1328 2416; baseline 0.002 -23"><span class='ocrx_word' id='word_1_102' title='bbox 127 2330 233 2393; x_wconf 89' lang='lat' dir='ltr'>lentes</span> <span class='ocrx_word' id='word_1_103' title='bbox 264 2331 334 2412; x_wconf 88' lang='lat' dir='ltr'>agri</span> <span class='ocrx_word' id='word_1_104' title='bbox 365 2331 535 2394; x_wconf 82' lang='lat' dir='ltr'>foecundis</span> <span class='ocrx_word' id='word_1_105' title='bbox 566 2331 724 2394; x_wconf 90' lang='lat' dir='ltr'>imbribus</span> <span class='ocrx_word' id='word_1_106' title='bbox 759 2333 947 2413; x_wconf 84' lang='lat' dir='ltr'>inrigentur.</span> <span class='ocrx_word' id='word_1_107' title='bbox 992 2331 1136 2416; x_wconf 66' lang='lat' dir='ltr'>[Quibus</span> <span class='ocrx_word' id='word_1_108' title='bbox 1167 2332 1222 2414; x_wconf 89' lang='lat' dir='ltr'>[so.</span> <span class='ocrx_word' id='word_1_109' title='bbox 1258 2351 1328 2412; x_wconf 85' lang='lat'>192.</span> 
     </span>
     <span class='ocr_line' id='line_1_19' title="bbox 126 2418 1326 2501; baseline 0.003 -22"><span class='ocrx_word' id='word_1_110' title='bbox 126 2418 289 2481; x_wconf 88' lang='lat' dir='ltr'>aestiuum</span> <span class='ocrx_word' id='word_1_111' title='bbox 322 2419 502 2481; x_wconf 91' lang='lat' dir='ltr'>mitientur1</span> <span class='ocrx_word' id='word_1_112' title='bbox 525 2418 659 2481; x_wconf 87' lang='lat' dir='ltr'>ardores</span> <span class='ocrx_word' id='word_1_113' title='bbox 683 2420 752 2482; x_wconf 91' lang='lat' dir='ltr'>siue</span> <span class='ocrx_word' id='word_1_114' title='bbox 784 2419 967 2501; x_wconf 88' lang='lat' dir='ltr'>ingentium</span> <span class='ocrx_word' id='word_1_115' title='bbox 996 2420 1185 2483; x_wconf 90' lang='lat' dir='ltr'>morborum</span> <span class='ocrx_word' id='word_1_116' title='bbox 1217 2422 1326 2483; x_wconf 88' lang='lat' dir='ltr'>extin-</span> 
     </span>
     <span class='ocr_line' id='line_1_20' title="bbox 126 2504 1325 2588; baseline 0.003 -22"><span class='ocrx_word' id='word_1_117' title='bbox 126 2514 246 2584; x_wconf 82' lang='lat' dir='ltr'>guatur</span> <span class='ocrx_word' id='word_1_118' title='bbox 261 2506 421 2568; x_wconf 90' lang='lat' dir='ltr'>accensio.</span> <span class='ocrx_word' id='word_1_119' title='bbox 438 2505 525 2567; x_wconf 89' lang='lat' dir='ltr'>salus</span> <span class='ocrx_word' id='word_1_120' title='bbox 542 2504 731 2569; x_wconf 91' lang='lat' dir='ltr'>hominibus</span> <span class='ocrx_word' id='word_1_121' title='bbox 747 2506 968 2586; x_wconf 88' lang='lat' dir='ltr'>iumentisque</span> <span class='ocrx_word' id='word_1_122' title='bbox 984 2507 1164 2588; x_wconf 90' lang='lat' dir='ltr'>proueniat.</span> <span class='ocrx_word' id='word_1_123' title='bbox 1210 2507 1325 2588; x_wconf 81' lang='lat' dir='ltr'>Atque</span> 
     </span>
     <span class='ocr_line' id='line_1_21' title="bbox 127 2591 1326 2675; baseline 0.003 -22"><span class='ocrx_word' id='word_1_124' title='bbox 127 2601 163 2654; x_wconf 91' lang='lat' dir='ltr'>ut</span> <span class='ocrx_word' id='word_1_125' title='bbox 178 2591 260 2654; x_wconf 89' lang='lat' dir='ltr'>haec</span> <span class='ocrx_word' id='word_1_126' title='bbox 276 2602 309 2654; x_wconf 92' lang='lat' dir='ltr'>te</span> <span class='ocrx_word' id='word_1_127' title='bbox 325 2592 485 2674; x_wconf 86' lang='lat' dir='ltr'>largiente</span> <span class='ocrx_word' id='word_1_128' title='bbox 509 2612 699 2655; x_wconf 89' lang='lat' dir='ltr'>mereamur.</span> <span class='ocrx_word' id='word_1_129' title='bbox 721 2604 858 2675; x_wconf 88' lang='lat' dir='ltr'>peccata</span> <span class='ocrx_word' id='word_1_130' title='bbox 882 2612 967 2674; x_wconf 90' lang='lat' dir='ltr'>quae</span> <span class='ocrx_word' id='word_1_131' title='bbox 992 2593 1086 2656; x_wconf 91' lang='lat' dir='ltr'>nobis</span> <span class='ocrx_word' id='word_1_132' title='bbox 1109 2593 1326 2657; x_wconf 90' lang='lat' dir='ltr'>aduersantur</span> 
     </span>
     <span class='ocr_line' id='line_1_22' title="bbox 126 2676 1325 2761; baseline 0.003 -21"><span class='ocrx_word' id='word_1_133' title='bbox 126 2677 248 2741; x_wconf 89' lang='lat' dir='ltr'>relaxa.</span> <span class='ocrx_word' id='word_1_134' title='bbox 294 2676 361 2759; x_wconf 86' lang='lat' dir='ltr'>Qui</span> <span class='ocrx_word' id='word_1_135' title='bbox 377 2679 463 2761; x_wconf 91' lang='lat' dir='ltr'>pluis</span> <span class='ocrx_word' id='word_1_136' title='bbox 478 2699 576 2761; x_wconf 86' lang='lat' dir='ltr'>super</span> <span class='ocrx_word' id='word_1_137' title='bbox 599 2681 702 2742; x_wconf 90' lang='lat' dir='ltr'>iustos</span> <span class='ocrx_word' id='word_1_138' title='bbox 726 2691 758 2742; x_wconf 89' lang='lat' dir='ltr'>et</span> <span class='ocrx_word' id='word_1_139' title='bbox 784 2680 922 2742; x_wconf 90' lang='lat' dir='ltr'>iniustos</span> <span class='ocrx_word' id='word_1_140' title='bbox 947 2680 1048 2742; x_wconf 87' lang='lat' dir='ltr'>etiarn</span> <span class='ocrx_word' id='word_1_141' title='bbox 1076 2681 1196 2742; x_wconf 89' lang='lat' dir='ltr'>nostris</span> <span class='ocrx_word' id='word_1_142' title='bbox 1220 2680 1325 2743; x_wconf 85' lang='lat' dir='ltr'>offen-</span> 
     </span>
     <span class='ocr_line' id='line_1_23' title="bbox 126 2765 1326 2848; baseline 0.002 -21"><span class='ocrx_word' id='word_1_143' title='bbox 126 2765 274 2828; x_wconf 88' lang='lat' dir='ltr'>sionibus</span> <span class='ocrx_word' id='word_1_144' title='bbox 304 2766 470 2829; x_wconf 81' lang='lat' dir='ltr'>relaxatis.</span> <span class='ocrx_word' id='word_1_145' title='bbox 494 2768 650 2848; x_wconf 77' lang='lat' dir='ltr'>expecta²</span> <span class='ocrx_word' id='word_1_146' title='bbox 681 2766 818 2829; x_wconf 91' lang='lat' dir='ltr'>nubium</span> <span class='ocrx_word' id='word_1_147' title='bbox 853 2786 989 2828; x_wconf 89' lang='lat' dir='ltr'>munera</span> <span class='ocrx_word' id='word_1_148' title='bbox 1020 2766 1174 2848; x_wconf 88' lang='lat' dir='ltr'>largiaris.</span> <span class='ocrx_word' id='word_1_149' title='bbox 1205 2768 1326 2848; x_wconf 88' lang='lat' dir='ltr'>quibus</span> 
     </span>
     <span class='ocr_line' id='line_1_24' title="bbox 126 2851 1085 2935; baseline 0.002 -22"><span class='ocrx_word' id='word_1_150' title='bbox 126 2861 160 2914; x_wconf 93' lang='lat' dir='ltr'>et</span> <span class='ocrx_word' id='word_1_151' title='bbox 175 2851 264 2915; x_wconf 92' lang='lat' dir='ltr'>salus</span> <span class='ocrx_word' id='word_1_152' title='bbox 280 2851 375 2914; x_wconf 91' lang='lat' dir='ltr'>nobis</span> <span class='ocrx_word' id='word_1_153' title='bbox 391 2862 424 2915; x_wconf 92' lang='lat' dir='ltr'>et</span> <span class='ocrx_word' id='word_1_154' title='bbox 440 2851 598 2915; x_wconf 92' lang='lat' dir='ltr'>alimenta</span> <span class='ocrx_word' id='word_1_155' title='bbox 614 2863 828 2935; x_wconf 87' lang='lat' dir='ltr'>praestentur.</span> <span class='ocrx_word' id='word_1_156' title='bbox 846 2874 903 2934; x_wconf 94' lang='lat' dir='ltr'>per</span> <span class='ocrx_word' id='word_1_157' title='bbox 918 2853 1085 2916; x_wconf 92' lang='lat' dir='ltr'>christum.</span> 
     </span>
    </p>
   </div>
   <div class='ocr_carea' id='block_1_11' title="bbox 580 2990 877 3072">
    <p class='ocr_par' dir='ltr' id='par_1_11' title="bbox 580 2990 877 3072">
     <span class='ocr_line' id='line_1_25' title="bbox 580 2990 877 3072; baseline 0.007 -20"><span class='ocrx_word' id='word_1_158' title='bbox 580 2990 643 3053; x_wconf 78' lang='lat' dir='ltr'>Ad</span> <span class='ocrx_word' id='word_1_159' title='bbox 652 2990 877 3072; x_wconf 63' lang='lat' dir='ltr'>complendum.</span> 
     </span>
    </p>
   </div>
   <div class='ocr_carea' id='block_1_12' title="bbox 125 3101 1325 3338">
    <p class='ocr_par' dir='ltr' id='par_1_12' title="bbox 125 3101 1325 3338">
     <span class='ocr_line' id='line_1_26' title="bbox 170 3101 1325 3185; baseline 0.002 -21"><span class='ocrx_word' id='word_1_160' title='bbox 170 3101 225 3164; x_wconf 90' lang='lat' dir='ltr'>Da</span> <span class='ocrx_word' id='word_1_161' title='bbox 254 3102 350 3165; x_wconf 93' lang='lat' dir='ltr'>nobis</span> <span class='ocrx_word' id='word_1_162' title='bbox 380 3122 558 3183; x_wconf 90' lang='lat' dir='ltr'>quesumus</span> <span class='ocrx_word' id='word_1_163' title='bbox 588 3102 724 3166; x_wconf 91' lang='lat' dir='ltr'>domine</span> <span class='ocrx_word' id='word_1_164' title='bbox 753 3104 901 3185; x_wconf 90' lang='lat' dir='ltr'>pluuiam</span> <span class='ocrx_word' id='word_1_165' title='bbox 929 3102 1106 3165; x_wconf 89' lang='lat' dir='ltr'>salutarem</span> <span class='ocrx_word' id='word_1_166' title='bbox 1138 3113 1171 3165; x_wconf 96' lang='lat' dir='ltr'>et</span> <span class='ocrx_word' id='word_1_167' title='bbox 1198 3104 1325 3167; x_wconf 90' lang='lat' dir='ltr'>aridam</span> 
     </span>
     <span class='ocr_line' id='line_1_27' title="bbox 126 3188 1324 3272; baseline 0.003 -22"><span class='ocrx_word' id='word_1_168' title='bbox 126 3198 231 3252; x_wconf 91' lang='lat' dir='ltr'>terrae</span> <span class='ocrx_word' id='word_1_169' title='bbox 255 3188 369 3252; x_wconf 78' lang='lat' dir='ltr'>sacias³</span> <span class='ocrx_word' id='word_1_170' title='bbox 392 3189 522 3252; x_wconf 86' lang='lat' dir='ltr'>fluentis</span> <span class='ocrx_word' id='word_1_171' title='bbox 546 3190 744 3253; x_wconf 89' lang='lat' dir='ltr'>caelestibus</span> <span class='ocrx_word' id='word_1_172' title='bbox 767 3190 943 3272; x_wconf 87' lang='lat' dir='ltr'>dignanter</span> <span class='ocrx_word' id='word_1_173' title='bbox 967 3189 1109 3253; x_wconf 86' lang='lat' dir='ltr'>infunde.</span> <span class='ocrx_word' id='word_1_174' title='bbox 1134 3210 1192 3272; x_wconf 92' lang='lat' dir='ltr'>per</span> <span class='ocrx_word' id='word_1_175' title='bbox 1218 3191 1324 3253; x_wconf 92' lang='lat' dir='ltr'>domi-</span> 
     </span>
     <span class='ocr_line' id='line_1_28' title="bbox 125 3294 214 3338; baseline 0.011 -1"><span class='ocrx_word' id='word_1_176' title='bbox 125 3294 214 3338; x_wconf 91' lang='lat' dir='ltr'>num.</span> 
     </span>
    </p>
   </div>
   <div class='ocr_carea' id='block_1_13' title="bbox 355 3460 1108 3525">
    <p class='ocr_par' dir='ltr' id='par_1_13' title="bbox 355 3460 1108 3525">
     <span class='ocr_line' id='line_1_29' title="bbox 355 3460 1108 3525; baseline 0.001 -3"><span class='ocrx_word' id='word_1_177' title='bbox 355 3460 469 3524; x_wconf 69' lang='lat' dir='ltr'>Missa</span> <span class='ocrx_word' id='word_1_178' title='bbox 493 3476 544 3523; x_wconf 80' lang='lat' dir='ltr'>no</span> <span class='ocrx_word' id='word_1_179' title='bbox 571 3461 799 3525; x_wconf 74' lang='lat' dir='ltr'>Poscsuusu</span> <span class='ocrx_word' id='word_1_180' title='bbox 825 3461 1108 3525; x_wconf 73' lang='lat' dir='ltr'>Sauumrnruu.</span> 
     </span>
    </p>
   </div>
   <div class='ocr_carea' id='block_1_14' title="bbox 125 3588 1325 3930">
    <p class='ocr_par' dir='ltr' id='par_1_14' title="bbox 125 3588 1325 3930">
     <span class='ocr_line' id='line_1_30' title="bbox 170 3588 1324 3654; baseline 0.001 -3"><span class='ocrx_word' id='word_1_181' title='bbox 170 3588 226 3652; x_wconf 88' lang='lat' dir='ltr'>Ad</span> <span class='ocrx_word' id='word_1_182' title='bbox 257 3599 291 3652; x_wconf 92' lang='lat' dir='ltr'>te</span> <span class='ocrx_word' id='word_1_183' title='bbox 321 3609 382 3651; x_wconf 91' lang='lat' dir='ltr'>nos</span> <span class='ocrx_word' id='word_1_184' title='bbox 413 3590 546 3652; x_wconf 91' lang='lat' dir='ltr'>domine</span> <span class='ocrx_word' id='word_1_185' title='bbox 573 3591 756 3654; x_wconf 89' lang='lat' dir='ltr'>clamantes</span> <span class='ocrx_word' id='word_1_186' title='bbox 780 3590 910 3653; x_wconf 88' lang='lat' dir='ltr'>exaudi.</span> <span class='ocrx_word' id='word_1_187' title='bbox 937 3600 971 3653; x_wconf 92' lang='lat' dir='ltr'>et</span> <span class='ocrx_word' id='word_1_188' title='bbox 998 3590 1081 3652; x_wconf 87' lang='lat' dir='ltr'>aeris</span> <span class='ocrx_word' id='word_1_189' title='bbox 1112 3590 1324 3652; x_wconf 89' lang='lat' dir='ltr'>serenitatem</span> 
     </span>
     <span class='ocr_line' id='line_1_31' title="bbox 126 3676 1325 3759; baseline 0.001 -22"><span class='ocrx_word' id='word_1_190' title='bbox 126 3676 221 3737; x_wconf 91' lang='lat' dir='ltr'>nobis</span> <span class='ocrx_word' id='word_1_191' title='bbox 246 3676 374 3739; x_wconf 87' lang='lat' dir='ltr'>tribuae</span> <span class='ocrx_word' id='word_1_192' title='bbox 401 3677 671 3757; x_wconf 91' lang='lat' dir='ltr'>supplicantibus.</span> <span class='ocrx_word' id='word_1_193' title='bbox 688 3688 724 3741; x_wconf 93' lang='lat' dir='ltr'>ut</span> <span class='ocrx_word' id='word_1_194' title='bbox 740 3678 796 3759; x_wconf 92' lang='lat' dir='ltr'>qui</span> <span class='ocrx_word' id='word_1_195' title='bbox 824 3696 883 3758; x_wconf 92' lang='lat' dir='ltr'>pro</span> <span class='ocrx_word' id='word_1_196' title='bbox 903 3678 1046 3758; x_wconf 91' lang='lat' dir='ltr'>peccatis</span> <span class='ocrx_word' id='word_1_197' title='bbox 1072 3677 1192 3738; x_wconf 89' lang='lat' dir='ltr'>nostris</span> <span class='ocrx_word' id='word_1_198' title='bbox 1220 3678 1325 3740; x_wconf 86' lang='lat' dir='ltr'>iustae</span> 
     </span>
     <span class='ocr_line' id='line_1_32' title="bbox 125 3760 1324 3912; baseline 0.001 -89"><span class='ocrx_word' id='word_1_199' title='bbox 125 3760 311 3912; x_wconf 60' lang='lat' dir='ltr'>affligimur.</span> <span class='ocrx_word' id='word_1_200' title='bbox 329 3764 551 3827; x_wconf 89' lang='lat' dir='ltr'>misericordia</span> <span class='ocrx_word' id='word_1_201' title='bbox 566 3775 624 3827; x_wconf 90' lang='lat' dir='ltr'>tua</span> <span class='ocrx_word' id='word_1_202' title='bbox 649 3764 882 3847; x_wconf 88' lang='lat' dir='ltr'>praeueniente</span> <span class='ocrx_word' id='word_1_203' title='bbox 907 3763 1117 3826; x_wconf 91' lang='lat' dir='ltr'>clementiam</span> <span class='ocrx_word' id='word_1_204' title='bbox 1134 3765 1324 3826; x_wconf 80' lang='lat' dir='ltr'>sentiamus,</span> 
     </span>
     <span class='ocr_line' id='line_1_33' title="bbox 125 3868 374 3930; baseline 0.004 -20"><span class='ocrx_word' id='word_1_205' title='bbox 125 3868 183 3930; x_wconf 90' lang='lat' dir='ltr'>per</span> <span class='ocrx_word' id='word_1_206' title='bbox 216 3869 374 3912; x_wconf 82' lang='lat' dir='ltr'>ominum.</span> 
     </span>
    </p>
   </div>
   <div class='ocr_carea' id='block_1_15' title="bbox 657 3971 793 4034">
    <p class='ocr_par' dir='ltr' id='par_1_15' title="bbox 657 3971 793 4034">
     <span class='ocr_line' id='line_1_34' title="bbox 657 3971 793 4034; baseline 0 0"><span class='ocrx_word' id='word_1_207' title='bbox 657 3971 793 4034; x_wconf 80' lang='lat' dir='ltr'>Secreta.</span> 
     </span>
    </p>
   </div>
   <div class='ocr_carea' id='block_1_16' title="bbox 124 4084 1324 4339">
    <p class='ocr_par' dir='ltr' id='par_1_16' title="bbox 124 4084 1324 4339">
     <span class='ocr_line' id='line_1_35' title="bbox 170 4084 1324 4165; baseline -0.001 -19"><span class='ocrx_word' id='word_1_208' title='bbox 170 4084 365 4147; x_wconf 89' lang='lat' dir='ltr'>Praeueniat</span> <span class='ocrx_word' id='word_1_209' title='bbox 380 4104 441 4146; x_wconf 96' lang='lat' dir='ltr'>nos</span> <span class='ocrx_word' id='word_1_210' title='bbox 456 4102 635 4164; x_wconf 85' lang='lat' dir='ltr'>quesumus</span> <span class='ocrx_word' id='word_1_211' title='bbox 651 4084 785 4146; x_wconf 89' lang='lat' dir='ltr'>domine</span> <span class='ocrx_word' id='word_1_212' title='bbox 806 4084 914 4165; x_wconf 89' lang='lat' dir='ltr'>gratia</span> <span class='ocrx_word' id='word_1_213' title='bbox 930 4093 987 4147; x_wconf 92' lang='lat' dir='ltr'>tua</span> <span class='ocrx_word' id='word_1_214' title='bbox 1009 4103 1140 4165; x_wconf 88' lang='lat' dir='ltr'>semper</span> <span class='ocrx_word' id='word_1_215' title='bbox 1155 4095 1188 4146; x_wconf 93' lang='lat' dir='ltr'>et</span> <span class='ocrx_word' id='word_1_216' title='bbox 1211 4085 1324 4146; x_wconf 89' lang='lat' dir='ltr'>subse-</span> 
     </span>
     <span class='ocr_line' id='line_1_36' title="bbox 124 4169 1322 4253; baseline -0.001 -20"><span class='ocrx_word' id='word_1_217' title='bbox 124 4169 284 4251; x_wconf 85' lang='lat' dir='ltr'>quantur†</span> <span class='ocrx_word' id='word_1_218' title='bbox 306 4183 339 4234; x_wconf 94' lang='lat' dir='ltr'>et</span> <span class='ocrx_word' id='word_1_219' title='bbox 366 4171 425 4234; x_wconf 91' lang='lat' dir='ltr'>has</span> <span class='ocrx_word' id='word_1_220' title='bbox 456 4171 641 4234; x_wconf 89' lang='lat' dir='ltr'>oblationes</span> <span class='ocrx_word' id='word_1_221' title='bbox 671 4191 752 4252; x_wconf 85' lang='lat' dir='ltr'>quas</span> <span class='ocrx_word' id='word_1_222' title='bbox 783 4191 843 4253; x_wconf 94' lang='lat' dir='ltr'>pro</span> <span class='ocrx_word' id='word_1_223' title='bbox 874 4172 1018 4253; x_wconf 86' lang='lat' dir='ltr'>peccatis</span> <span class='ocrx_word' id='word_1_224' title='bbox 1051 4170 1170 4232; x_wconf 89' lang='lat' dir='ltr'>nostris</span> <span class='ocrx_word' id='word_1_225' title='bbox 1197 4171 1322 4232; x_wconf 93' lang='lat' dir='ltr'>nomini</span> 
     </span>
     <span class='ocr_line' id='line_1_37' title="bbox 125 4256 1323 4339; baseline 0 -20"><span class='ocrx_word' id='word_1_226' title='bbox 125 4266 182 4320; x_wconf 92' lang='lat' dir='ltr'>tuo</span> <span class='ocrx_word' id='word_1_227' title='bbox 202 4260 443 4321; x_wconf 91' lang='lat' dir='ltr'>consecrandas</span> <span class='ocrx_word' id='word_1_228' title='bbox 470 4256 656 4320; x_wconf 89' lang='lat' dir='ltr'>deserimus.</span> <span class='ocrx_word' id='word_1_229' title='bbox 681 4258 843 4339; x_wconf 87' lang='lat' dir='ltr'>benignus</span> <span class='ocrx_word' id='word_1_230' title='bbox 870 4277 1009 4320; x_wconf 87' lang='lat' dir='ltr'>assume.</span> <span class='ocrx_word' id='word_1_231' title='bbox 1035 4268 1070 4319; x_wconf 96' lang='lat' dir='ltr'>ut</span> <span class='ocrx_word' id='word_1_232' title='bbox 1094 4277 1153 4338; x_wconf 87' lang='lat' dir='ltr'>per</span> <span class='ocrx_word' id='word_1_233' title='bbox 1169 4257 1323 4319; x_wconf 89' lang='lat' dir='ltr'>interces-</span> 
     </span>
    </p>
   </div>
   <div class='ocr_carea' id='block_1_17' title="bbox 511 4390 881 4573">
    <p class='ocr_par' dir='ltr' id='par_1_17' title="bbox 511 4390 881 4573">
     <span class='ocr_line' id='line_1_38' title="bbox 514 4390 881 4455; baseline 0 -13"><span class='ocrx_word' id='word_1_234' title='bbox 514 4390 523 4422; x_wconf 64' lang='grc' dir='ltr'>ι</span> <span class='ocrx_word' id='word_1_235' title='bbox 541 4394 591 4442; x_wconf 81' lang='lat' dir='ltr'>For</span> <span class='ocrx_word' id='word_1_236' title='bbox 600 4400 714 4443; x_wconf 75' lang='lat' dir='ltr'>aestuum</span> <span class='ocrx_word' id='word_1_237' title='bbox 726 4394 881 4455; x_wconf 66' lang='lat' dir='ltr'>ruitrjgentur.</span> 
     </span>
     <span class='ocr_line' id='line_1_39' title="bbox 512 4456 728 4523; baseline 0 -16"><span class='ocrx_word' id='word_1_238' title='bbox 512 4456 523 4489; x_wconf 85' lang='lat'>²</span> <span class='ocrx_word' id='word_1_239' title='bbox 540 4458 590 4507; x_wconf 84' lang='lat' dir='ltr'>For</span> <span class='ocrx_word' id='word_1_240' title='bbox 599 4466 728 4523; x_wconf 71' lang='lat' dir='ltr'>expectata.</span> 
     </span>
     <span class='ocr_line' id='line_1_40' title="bbox 511 4522 695 4573; baseline 0.005 -1"><span class='ocrx_word' id='word_1_241' title='bbox 511 4522 522 4555; x_wconf 89' lang='lat'><strong>³</strong></span> <span class='ocrx_word' id='word_1_242' title='bbox 540 4524 589 4573; x_wconf 87' lang='lat' dir='ltr'>For</span> <span class='ocrx_word' id='word_1_243' title='bbox 602 4524 695 4573; x_wconf 56' lang='grc' dir='ltr'>[πάνυ.</span> 
     </span>
    </p>
   </div>
   <div class='ocr_carea' id='block_1_18' title="bbox 0 0 1524 5106">
    <p class='ocr_par' dir='ltr' id='par_1_18' title="bbox 0 0 1524 5106">
     <span class='ocr_line' id='line_1_41' title="bbox 0 0 1524 5106; baseline 0 0"><span class='ocrx_word' id='word_1_244' title='bbox 0 0 1524 5106; x_wconf 95' lang='lat' dir='ltr'> </span> 
     </span>
    </p>
   </div>
  </div>
 </body>
</html>
