3038 5106
195 349 246 399 24⁴
536 334 648 385 mssa
672 332 728 385 DE
748 332 896 385 SANcrA
921 332 1052 385 CRUCE.

656 498 765 583 Super
777 500 941 583 populum.

240 602 333 666 Deus
348 602 404 684 qui
421 601 538 665 misisti
555 598 658 664 filium
674 610 771 665 tuum
787 610 821 664 et
835 600 1011 664 ostendisti
1023 610 1194 663 creaturae
1205 608 1398 663 creatorem.

197 689 322 773 respice
351 689 512 773 propitius
542 708 640 771 super
670 708 730 751 nos
761 685 903 751 famulos
933 695 1017 750 tuos.
1048 696 1082 750 et
1112 706 1273 769 praepara
1303 687 1399 769 agiae

197 775 333 859 sophiae
348 776 485 859 dignam
503 776 536 839 in
551 773 706 839 cordibus
722 775 841 838 nostris
858 772 1107 837 habitationem.
1124 794 1183 857 per
1193 774 1376 836 dominum.

386 971 503 1035 Missa
526 985 575 1035 ou
599 969 752 1036 sanem
776 970 984 1034 Knmmra.
1031 970 1149 1033 Fama
1172 971 1210 1034 V.

243 1083 336 1147 Deus
351 1084 421 1148 uita
436 1081 583 1147 fidelium
611 1083 717 1165 gloria
741 1081 924 1145 humilium.
941 1082 1114 1145 beatitudo
1139 1082 1308 1145 iustorum.
1326 1102 1400 1164 pro·

198 1171 299 1253 pitius
323 1170 436 1252 accipe
460 1170 645 1253 supplicum
672 1189 812 1251 praeces.
836 1178 872 1231 ut
899 1169 1030 1231 animae
1056 1189 1142 1251 quae
1166 1170 1401 1251 promissiones

198 1267 273 1322 tuas
302 1257 426 1321 sitiunt.
453 1257 495 1320 de
526 1267 583 1321 tua
612 1276 744 1338 semper
773 1256 923 1319 karitatis
947 1255 1176 1319 habundantia
1205 1256 1401 1338 repleantur.

198 1365 264 1427 per.

731 1454 870 1520 Secreta.

243 1555 342 1619 Mitte
373 1555 508 1618 domine
538 1574 717 1637 quesumus
748 1555 899 1638 spiritum
930 1564 1083 1618 sanctum
1113 1555 1170 1638 qui
1200 1564 1234 1618 et
1265 1575 1403 1618 munera

198 1642 386 1724 praesentia
400 1652 495 1704 tuum
513 1642 608 1704 nobis
624 1641 746 1705 efficiat
762 1653 1014 1707 sacramentum.
1031 1653 1065 1706 et
1082 1643 1123 1706 ad
1140 1642 1203 1705 hoc
1219 1644 1402 1725 percipien-

199 1730 281 1792 dum
297 1738 411 1793 nostra
426 1729 527 1791 corda
543 1728 703 1811 purificet.
720 1749 786 1811 per.

715 1866 896 1947 Praefatio.

245 1971 295 2034 (D
312 1980 445 2034 aeterne
460 1971 550 2033 deus.
597 1969 641 2033 Et
656 1970 933 2052 omnipotentiam
960 1981 1050 2034 tuam
1079 1971 1198 2054 iugiter
1219 1972 1403 2054 implorare.

201 2056 287 2120 utin
303 2055 580 2132 commerationel
603 2057 752 2120 omnium
780 2066 968 2120 sanctorum
993 2068 1124 2121 tuorum
1148 2079 1262 2122 eorum
1287 2057 1403 2122 suflra-

201 2143 357 2227 gantibus
374 2144 506 2206 meritis
523 2152 557 2206 et
572 2141 769 2226 praessentis
785 2143 873 2207 uitae
896 2143 992 2207 nobis
1007 2145 1190 2209 subsidium
1206 2156 1241 2210 et
1257 2142 1313 2231 [fo.
1335 2160 1403 2225 177.

202 2240 355 2295 aeternae
380 2229 505 2294 tribuas
538 2231 722 2311 praemium
753 2232 999 2313 sempiternum.
1046 2230 1123 2314 Quo
1156 2234 1203 2296 sic
1232 2232 1405 2298 mutabilia

201 2317 290 2381 bona
305 2317 484 2400 capiamus.
501 2325 537 2379 ut
553 2338 611 2399 per
632 2316 715 2380 haec
737 2318 779 2379 ad
809 2317 1093 2383 incommutabilia
1117 2320 1206 2382 dona
1232 2321 1404 2401 peruenire

203 2404 380 2467 ualeamus.
428 2404 483 2468 Sic
510 2403 701 2485 temporalis
735 2404 881 2467 laetitiae
911 2416 1064 2488 tempora
1088 2416 1258 2468 transeant
1289 2415 1326 2469 ut
1356 2409 1404 2469 eis

202 2491 324 2574 gaudia
339 2491 541 2573 sempiterna
556 2491 745 2554 succedant.
761 2511 820 2572 per
835 2490 1001 2569 christum.

652 2628 714 2690 Ad
731 2629 956 2710 corrmlendum.

247 2727 409 2810 Spiritum
426 2728 459 2790 in
477 2728 572 2790 nobis
588 2729 725 2791 domine
741 2737 818 2790 tuae
833 2728 979 2790 caritatis
1003 2728 1147 2790 infunde.
1172 2740 1206 2791 ut
1230 2749 1314 2810 quos
1338 2749 1405 2792 uno

203 2814 336 2878 caelesti
353 2835 439 2896 pane
455 2816 590 2877 satiasti.
608 2825 665 2877 tua
682 2814 782 2877 iacias
802 2814 926 2897 pietate
942 2816 1130 2877 concordes.
1147 2835 1205 2897 per
1221 2817 1410 2879 dominum.

759 2952 849 3014 Alia.

249 3049 362 3114 Sancti
380 3051 511 3132 spiritus
525 3052 632 3131 gratia
646 3071 826 3133 quesumus
836 3051 971 3114 domine
983 3053 1083 3114 corda
1096 3062 1209 3114 nostra
1222 3051 1406 3118 inluminet.

204 3147 238 3201 et
250 3136 395 3219 perfecte
411 3138 557 3199 caritatis
574 3138 749 3201 dulcedine
764 3138 997 3201 habundanter
1012 3137 1145 3202 reficiat.
1162 3160 1221 3220 per
1231 3141 1406 3205 dominum

206 3234 365 3287 nostrum.

433 3391 549 3455 M1ssn
574 3406 622 3454 oa
648 3393 798 3458 Sancta
822 3394 959 3458 Cauca.
985 3394 1103 3458 Fama
1127 3396 1187 3458 VI.

250 3502 342 3565 Deus
358 3502 413 3582 qui
430 3504 589 3584 unigeniti
607 3503 662 3566 filii
679 3506 725 3567 tui
742 3507 868 3569 domini
894 3507 997 3569 nostri
1021 3508 1089 3569 iesu
1108 3507 1219 3571 christi
1239 3511 1409 3591 praetioso

204 3590 367 3671 sanguine
397 3589 525 3652 uiuifice
547 3593 652 3653 crucis
683 3593 843 3655 uexillum
867 3593 1071 3656 sanctificare
1095 3596 1237 3659 uoluisti.
1262 3600 1409 3661 concede

204 3696 384 3758 quesumus
410 3677 544 3757 eosqui
568 3678 715 3741 eiusdem
740 3691 873 3743 sanctae
896 3681 999 3743 crucis
1022 3683 1169 3763 gaudent
1192 3684 1324 3749 honore.
1349 3696 1409 3748 tua

204 3782 337 3846 quoque
353 3763 474 3844 ubique
489 3766 694 3845 protectione
710 3767 860 3848 gaudere.
877 3787 942 3849 per.

737 3903 873 3968 Secreta.

253 3998 346 4062 Haec
362 3999 488 4062 oblatio
504 4001 639 4064 domine
655 4002 698 4065 ab
713 4004 866 4066 omnibus
889 4024 949 4066 nos
973 4014 1091 4086 purget
1107 4004 1248 4068 offensis.
1265 4026 1350 4087 quae
1375 4008 1408 4068 in

206 4107 262 4149 ara
277 4088 382 4149 crucis
397 4089 499 4151 etiam
515 4089 617 4151 totius
634 4090 749 4152 mundi
765 4091 841 4155 tulit
855 4089 990 4154 offensa.
1007 4111 1072 4173 per.

720 4223 899 4303 Praefatio.

251 4319 301 4382 (D
325 4327 459 4381 aeterne
473 4317 564 4383 deus.
611 4317 677 4403 Qui
693 4320 833 4384 salutem
851 4320 986 4384 humani
1002 4324 1132 4405 generis
1145 4323 1177 4385 in
1195 4323 1284 4406 ligno
1299 4326 1407 4387 crucis

205 4405 414 4468 constituisti.
445 4414 483 4468 ut
512 4408 601 4471 unde
631 4426 720 4470 mors
742 4407 916 4472 oriebatur.
940 4409 1017 4473 inde
1039 4410 1109 4473 uita
1125 4421 1314 4493 resurgeret.
1361 4412 1409 4475 Et

206 4491 262 4573 qui
286 4491 319 4553 in
342 4492 433 4574 ligno
449 4493 612 4557 uincebat.
636 4494 669 4557 in
693 4493 785 4577 ligno
807 4513 939 4577 quoque
955 4496 1147 4561 uinceretur.
1163 4517 1223 4580 per
1237 4498 1408 4561 christum.
