3038 5106
364 339 449 390 KAL.
479 340 565 391 AUG.
596 340 683 390 ΝΑΤ.
714 340 741 390 S.
773 339 1058 393 ATHELUUOLDI.
1264 354 1310 409 193

200 520 291 584 Kar..
316 520 413 585 Auo.
437 534 489 585 nu
513 520 857 587 Urscumrsmcrr
882 525 997 587 Purru
1022 524 1219 589 Arosrour.

150 650 242 714 Deus
256 650 313 732 qui
338 649 474 714 beatum
495 660 625 733 petrum
643 650 832 731 apostolum
849 672 869 714 a
886 653 1025 715 uinculis
1042 652 1231 717 absolutum
1256 655 1305 717 in-

98 738 226 821 lesuml
241 738 331 801 abire
347 736 460 800 iecisti.
477 747 665 801 nostrorum
681 759 863 819 quesumus
879 740 1016 802 absolue
1040 741 1172 803 uincula
1195 741 1303 823 [138v.

98 834 315 907 peccatorum
331 834 365 887 et
380 824 493 887 omnia
510 824 599 886 mala
614 844 634 886 a
650 826 745 887 nobis
762 827 960 908 propitiatus
976 826 1125 889 exclude.
1143 848 1208 909 per.

636 962 773 1025 Secreta.

147 1072 309 1138 Oblatum
335 1073 393 1135 tibi
420 1072 555 1136 domine
586 1073 780 1138 sacrificium
812 1072 1000 1146 uiuificent†
1025 1095 1084 1138 nos
1116 1097 1247 1159 semper
1270 1088 1303 1141 et

99 1162 240 1223 muniat.
258 1180 322 1241 per.

559 1280 589 1342 A
593 1279 620 1342 d
629 1280 854 1361 conplendum.

147 1394 302 1476 Corporis
345 1393 427 1455 sacri
475 1403 508 1455 et
558 1395 711 1475 praetiosi
759 1395 928 1475 sanguinis
976 1395 1090 1477 repleti
1137 1395 1300 1460 libamine.

96 1501 283 1563 quesumus
299 1482 434 1544 domine
458 1481 540 1542 deus
568 1491 686 1543 noster.
714 1490 750 1543 ut
774 1483 863 1562 quod
881 1483 935 1564 pia
951 1484 1127 1545 devotione
1148 1485 1300 1565 gerimus.

97 1579 192 1632 certa
209 1568 436 1648 redemptione
452 1568 630 1649 capiamus.
649 1589 707 1649 per
722 1569 903 1630 dominum.

300 1753 437 1814 Eouau
462 1752 535 1815 Dra
558 1766 620 1814 vu.
645 1752 832 1815 anrnuu
856 1767 936 1816 cunr
962 1753 1106 1816 Mirm.

148 1872 308 1935 Fraterna
324 1894 384 1935 nos
399 1873 534 1935 domine
551 1883 734 1954 martyrum
752 1883 883 1936 tuorum
900 1894 1021 1937 corona
1039 1873 1200 1938 laetificet.
1217 1894 1302 1955 quae

98 1969 136 2022 et
153 1957 228 2022 fidei
245 1970 376 2022 nostrae
398 1959 555 2041 praebeat
579 1960 794 2022 incitamenta
818 1962 986 2023 uirtutum.
1003 1971 1036 2023 et
1053 1962 1225 2043 multiplici
1244 1982 1303 2023 nos

100 2044 262 2129 suffragio
277 2047 475 2109 consoletur.
492 2066 558 2128 per.

638 2165 776 2229 Secreta.

149 2268 274 2333 Iterata
305 2271 462 2351 mysteria
493 2270 627 2333 domine
658 2290 719 2351 pro
745 2281 935 2332 sanctorum
965 2281 1147 2351 martyrum
1180 2272 1303 2333 deuota

103 2366 216 2419 mente
232 2368 420 2419 tractamus.
437 2358 558 2437 quibus
575 2357 670 2419 nobis
680 2366 713 2419 ct
726 2358 926 2439 praesidium
944 2367 1069 2420 crescat
1086 2368 1119 2420 et
1134 2360 1303 2439 gaudium.

102 2463 163 2525 per
177 2444 360 2506 dominum.

622 2564 801 2643 Praefatio.

147 2667 199 2731 ff)
214 2676 347 2729 aeterne
359 2669 449 2730 deus.
465 2668 543 2748 quia
569 2666 644 2729 lieet
669 2668 702 2728 in
728 2667 878 2729 omnium
903 2677 1092 2729 sanctorum
1117 2678 1247 2730 tuorum
1265 2679 1301 2732 tu

100 2754 147 2817 sis
177 2755 312 2817 domine
342 2756 546 2835 protectione
563 2753 729 2816 mirabilis.
760 2755 792 2815 in
824 2753 874 2815 his
906 2763 1017 2816 tamen
1041 2754 1183 2835 speciale
1207 2766 1300 2818 tuum

104 2859 225 2903 munus
263 2842 481 2921 agnoscimus
516 2861 599 2921 quos
642 2839 756 2902 iratres
793 2851 881 2902 sorte
924 2842 1079 2903 nascendi
1126 2841 1301 2923 magnifica

102 2928 295 3011 praestitisti
320 2929 473 3009 passione
497 2948 681 3009 germanos.
743 2927 791 2990 Ut
817 2927 914 2989 simul
942 2938 1028 2990 esset
1052 2938 1086 2990 et
1111 2931 1300 2992 ueneranda

102 3014 209 3097 gloria
223 3015 398 3097 genitricis.
414 3024 448 3077 et
464 3014 695 3077 florentissima
711 3014 819 3096 proles
834 3014 1000 3076 ecclesiae.
1016 3024 1048 3077 et
1065 3016 1147 3078 ideo

549 3151 611 3213 Ad
620 3150 845 3231 corrmlendum.

147 3259 281 3323 Praesta
305 3280 486 3342 quesumus
513 3262 724 3342 omnipotens
751 3260 841 3323 deus
870 3270 906 3324 ut
929 3281 1070 3342 quorum
1103 3263 1296 3324 memoriam

98 3348 297 3411 sacramenti
325 3349 576 3430 participatione
601 3348 782 3411 recolimus.
810 3346 907 3411 fidem
939 3369 1072 3430 quoque
1096 3347 1298 3431 proficiendo

99 3443 274 3499 sectemur.
291 3455 349 3517 per
364 3435 535 3498 dominum
553 3446 711 3498 nostrum.

343 3620 477 3683 Eouuu
505 3618 577 3681 Dru
600 3620 742 3683 Snucrr
766 3619 1058 3681 Arusuuuouur.

145 3739 238 3803 Deus
268 3742 323 3822 qui
356 3741 388 3802 in
419 3739 574 3821 praeclari
606 3740 721 3801 sideris
758 3741 863 3802 sancti
897 3738 1062 3821 pontificis
1093 3737 1296 3800 atheluuoldi

97 3828 246 3909 episcopi
266 3828 509 3909 inlustrastione
526 3846 647 3888 nouam
665 3825 794 3908 populis
807 3826 990 3908 anglorum.
1003 3825 1144 3887 tribuisti
1156 3823 1210 3906 [lo.
1229 3840 1295 3903 139.

98 3913 207 3976 lucem
229 3914 399 3977 hodierna
428 3914 481 3975 die
511 3913 695 3975 clarescere.
726 3925 818 3974 tuam
853 3912 1044 3995 suppliciter
1081 3912 1296 3994 imploramus

97 4000 320 4063 clementiam.
351 4009 388 4063 ut
420 4001 513 4063 cuius
545 4001 735 4081 magisterio
765 4000 867 4061 totius
898 3999 1065 4080 religionis
1096 4000 1296 4061 documenta

96 4088 326 4169 cognouimus.
372 4086 459 4150 illius
495 4096 529 4148 et
565 4085 730 4169 exemplis
773 4085 996 4149 informemur.
1034 4096 1068 4148 et
1105 4086 1294 4167 patrociniis

96 4176 304 4239 adiuuemur.
319 4194 379 4257 per
393 4174 576 4237 dominum.

653 4292 744 4356 Alia.

142 4406 237 4471 Deus
262 4408 319 4490 qui
345 4406 540 4471 hodiernam
563 4408 653 4471 diem
684 4406 772 4469 beati
797 4406 993 4469 confessoris
1019 4405 1066 4468 tui
1091 4402 1294 4467 atheluuoldi

94 4492 455 4659 epssffiitgssffstum‘s
470 4494 565 4559 nobis
585 4493 812 4557 honorabilem
833 4492 1002 4557 dedicasti.
1019 4492 1166 4641 concedp)
1187 4490 1295 4573 propi·
