3038 5106
148 352 193 415 198
387 349 458 400 IIII.
489 351 540 401 ID.
568 350 654 402 AUG.
685 350 737 400 ΝΑ
744 350 772 401 Τ.
801 349 829 401 S.
860 348 1082 402 aaronem.

679 516 818 583 Secreta

194 631 331 693 Hostias
347 629 482 693 domine
497 649 580 712 quas
595 629 764 693 offerimus
789 630 849 693 tibi
870 630 1032 712 propitius
1054 630 1185 714 suscipe
1201 641 1237 694 et
1253 632 1353 694 inter-

148 720 287 782 cedente
303 718 401 779 beato
418 716 579 779 laurentio
603 729 748 799 martyre
762 728 822 780 tuo
837 717 970 781 uincula
992 728 1206 799 peccatorum
1224 729 1355 782 nostro

150 826 222 869 rum
239 804 385 867 absolue.
402 824 468 885 per.

669 924 850 1004 Praefatio.

194 1038 244 1100 (l)
261 1047 393 1099 aeterne
410 1037 499 1099 deus.
546 1036 591 1098 Et
607 1037 738 1098 deuotis
755 1036 921 1099 mentibus
936 1034 1073 1111 natalis†
1088 1036 1177 1100 beati
1195 1040 1355 1120 martyris

149 1125 197 1186 tui
215 1123 366 1186 laurentii
384 1123 584 1204 praeuenire.
599 1124 656 1204 qui
673 1123 774 1185 leuita
801 1123 897 1184 simul
924 1132 1115 1206 martyrque
1130 1129 1355 1189 uenerandus.

150 1221 183 1273 et
215 1211 347 1292 proprio
377 1211 494 1272 claruit
524 1210 686 1291 gloriosus
717 1209 834 1272 officio.
860 1220 894 1272 et
920 1212 1155 1273 memorandae
1185 1214 1356 1294 passionis

152 1296 277 1359 refulsit
295 1298 461 1378 martyrio.
479 1317 538 1379 per
553 1296 711 1358 christum
729 1298 901 1359 dominum
919 1308 1077 1360 nostrum.

604 1416 667 1478 Ad
676 1417 903 1501 corrrplendnm.

196 1529 250 1591 Da
273 1549 453 1610 quesumus
483 1527 619 1590 domine
645 1529 727 1591 deus
759 1538 870 1591 noster
900 1537 936 1590 ut
966 1529 1051 1591 sicut
1082 1530 1170 1592 beati
1197 1530 1356 1595 laurentii

152 1618 305 1697 martyris
322 1616 369 1678 tui
394 1616 710 1678 commemoratione
733 1616 908 1697 temporali
929 1615 1135 1697 gratulamur
1157 1616 1283 1681 officio.
1310 1620 1357 1682 ita

152 1714 313 1785 perpetuo
330 1703 490 1764 laetemur
506 1713 650 1784 aspectu.
667 1723 725 1783 per
741 1703 922 1765 dominum.

154 1919 221 1967 1111.
248 1905 337 1967 tuus
363 1903 457 1967 Auo.
482 1903 637 1965 Nauna
662 1901 802 1966 Snucm
827 1901 1355 1969 Lnunsnar1.au1.M1ssnn.

197 2016 320 2078 Excita
336 2015 479 2078 domine.
496 2015 528 2076 in
545 2014 682 2077 ecclesia
705 2023 763 2076 tua
786 2013 938 2095 spiritum
957 2014 1009 2075 cui
1033 2012 1151 2076 beatus
1166 2013 1358 2080 laurentius

154 2104 255 2166 leuita
270 2100 428 2186 serluiuit.
445 2111 481 2164 ut
498 2103 615 2164 eodem
633 2121 693 2163 nos
704 2101 852 2183 replente
864 2101 1056 2163 studeamus
1073 2121 1185 2164 amare
1202 2101 1260 2184 [fo.
1284 2122 1359 2184 142.

154 2190 243 2272 quod
260 2190 393 2252 amauit.
410 2198 444 2251 et
459 2209 558 2270 opere
574 2208 727 2250 exercere
743 2187 832 2269 quod
849 2187 970 2249 docuit.
987 2207 1052 2269 per.

685 2334 824 2396 Secreta.

197 2445 324 2525 Accipe
348 2464 528 2525 quesumus
552 2444 687 2506 domine
713 2464 848 2506 munera
864 2444 1039 2525 dignanter
1064 2444 1186 2507 oblata.
1203 2456 1238 2509 et
1267 2447 1360 2512 beati

156 2532 307 2594 laurentii
338 2530 595 2612 suffragantibus
630 2531 755 2594 meritis
785 2532 826 2593 ad
866 2541 998 2593 nostrae
1035 2531 1151 2594 salutis
1189 2535 1361 2598 auxilium

156 2621 327 2701 prouenire
343 2620 496 2682 concede.
513 2639 577 2700 per.

608 2738 670 2800 Ad
680 2737 904 2818 corrrplcrrdum.

201 2850 374 2931 Supplices
397 2861 430 2912 te
454 2870 608 2930 rogamus
624 2851 835 2930 omnipotens
851 2849 932 2911 deus
960 2860 996 2910 ut
1011 2869 1095 2929 quos
1119 2851 1218 2914 donis
1235 2855 1364 2918 caeles-

156 2939 245 3000 tibus
263 2938 398 2999 satiasti.
417 2937 641 2999 intercedente
657 2936 755 2999 beato
779 2937 939 2998 laurentio
957 2948 1101 3017 martyre
1116 2946 1176 2999 tuo
1193 2952 1366 3022 perpetua

158 3025 361 3106 protectione
377 3025 551 3086 custodias
569 3044 627 3104 per
643 3024 814 3085 dominum
833 3032 991 3086 nostrum.

564 3220 606 3281 IN
632 3219 703 3280 Dus
726 3234 777 3280 nn
802 3219 955 3281 llltssnu.

204 3333 256 3393 lla
288 3332 382 3393 nobis
413 3351 592 3412 quesumus
622 3332 834 3412 omnipotens
864 3331 946 3392 deus
978 3331 1132 3393 uitiorum
1165 3346 1362 3399 nostrorum

159 3419 310 3481 flammas
337 3419 531 3499 extinguere
557 3418 613 3498 qui
640 3418 739 3479 beato
764 3417 925 3479 laurentio
947 3418 1089 3481 tribuisti
1114 3429 1364 3486 tormentorum

160 3527 292 3569 suorum
310 3506 462 3567 incendia
478 3525 640 3586 superare.
659 3525 716 3585 per
731 3505 912 3566 dominum.

691 3631 826 3695 Secreta.

207 3743 410 3809 Sacrificium
443 3754 590 3806 nostrum
617 3743 676 3805 tibi
707 3743 842 3805 domine
872 3763 1052 3823 quesumus
1083 3745 1170 3808 beati
1204 3746 1362 3812 laurentii

163 3834 330 3915 praecatio
346 3841 460 3892 sancta
472 3830 633 3893 conciliet.
644 3840 681 3892 ut
693 3830 785 3892 cuius
797 3830 921 3892 honore
931 3831 1160 3913 sollempniter
1171 3834 1362 3898 exhibetur.

165 3921 288 3982 meritis
304 3917 463 3981 efficiatur
478 3926 660 3998 acceptum.
677 3938 742 3998 per.

670 4035 851 4115 Praefatio.

208 4153 257 4214 (l)
296 4160 428 4212 aeterne
458 4149 548 4210 deus,
594 4146 638 4209 Et
669 4147 701 4208 in
733 4148 786 4209 die
817 4146 1072 4228 sollempnitatis
1103 4148 1263 4230 hodierne
1293 4174 1362 4234 qua

165 4239 281 4301 beatus
298 4237 476 4298 laurentius
492 4234 601 4296 hostia
626 4244 740 4296 sancta
756 4235 833 4297 uiua
860 4235 919 4296 tibi
945 4235 1080 4315 placens
1104 4236 1245 4301 oblatus.
1292 4240 1358 4320 Qui

165 4327 241 4405 igne
257 4344 413 4386 accensus
429 4322 476 4384 tui
501 4321 623 4383 amoris
647 4331 838 4384 constanter
864 4321 976 4402 ignem
1002 4323 1159 4385 sustinuit
1186 4327 1359 4407 passionis.

166 4413 211 4474 Et
250 4431 307 4492 per
345 4410 573 4473 inmanitatem
612 4417 860 4471 tormentorum.
893 4409 1043 4488 peruenit
1080 4411 1122 4472 ad
1154 4413 1357 4476 societatem.

165 4500 286 4560 ciuium
303 4515 530 4578 supernorum.
547 4514 606 4576 per
621 4494 780 4557 christum
796 4494 969 4558 dominum
986 4506 1144 4559 nostrum.
