3038 5106
478 388 581 439 SABB.
610 387 658 437 IN
678 388 743 438 XII.
768 387 1030 441 LECTIONIBUS.

708 626 799 690 Alia.

198 754 300 819 Deus,
315 755 372 837 qui
388 775 449 819 nos
464 754 497 818 in
514 753 616 817 tantis
639 752 792 835 periculis
808 753 1006 815 constitutos
1030 773 1089 834 pro
1105 749 1269 821 humanol
1291 751 1354 813 scis

153 842 334 925 fragilitate
360 863 426 906 non
454 861 553 925 posse
582 841 768 903 subsistere.
791 841 835 903 da
866 841 961 902 nobis
999 841 1140 902 salutem
1173 839 1293 901 mentis
1320 848 1353 900 et

153 930 308 1011 corporis
332 939 369 993 ut
384 950 424 993 ea
445 948 532 1011 quae
554 948 615 1010 pro
637 928 782 1009 peccatis
806 928 925 989 nostris
948 929 1102 1008 patimur.
1118 937 1152 989 te
1174 927 1354 988 adiuuante

153 1018 336 1081 uincamus.
351 1038 411 1099 per
426 1017 600 1080 dominum
617 1026 776 1077 nostrum.

708 1148 800 1211 Alia.

199 1276 370 1338 Protector
403 1284 515 1337 noster
551 1274 661 1355 aspice
699 1274 788 1336 deus.
819 1284 857 1336 ut
883 1275 938 1355 qui
968 1272 1129 1335 malorum
1166 1284 1352 1336 nostrorum

152 1363 301 1445 pondere
338 1362 526 1444 premimur.
564 1369 720 1443 percepta
758 1362 981 1424 misericordia
1016 1361 1117 1423 libera
1147 1361 1207 1423 tibi
1243 1372 1353 1423 mente

152 1448 361 1513 famulemur.
378 1469 444 1530 per.

710 1572 800 1635 Alia.

199 1696 329 1761 Adesto
345 1697 480 1761 domine
496 1716 675 1778 quesumus
698 1697 996 1779 supplicationibus
1020 1697 1147 1759 nostris.
1172 1706 1209 1758 ut
1231 1717 1303 1758 esse
1319 1706 1352 1759 te

155 1784 314 1867 largiente
331 1804 523 1847 mereamur.
542 1794 576 1846 et
599 1785 684 1847 inter
706 1804 863 1867 prospera
879 1783 1028 1849 humiles.
1051 1795 1084 1847 et
1107 1786 1191 1846 inter
1214 1785 1353 1847 aduersa

155 1871 267 1935 securi.
284 1891 344 1954 per
354 1872 538 1934 dominum.

707 1995 798 2059 ΑΙία.

200 2116 336 2179 Praeces
359 2115 473 2198 populi
497 2115 544 2179 tui
577 2135 757 2197 quesumus
796 2116 931 2179 domine
964 2116 1144 2178 clementer
1165 2116 1297 2179 exaudi.
1318 2126 1354 2177 nt

155 2206 209 2285 qui
225 2203 310 2281 iuste
326 2224 387 2285 pro
409 2204 554 2284 peccatis
577 2204 698 2266 nostris
721 2202 905 2286 affligimur.
929 2224 989 2285 pro
1012 2205 1059 2266 tui
1084 2204 1226 2265 nominis
1250 2204 1353 2284 gloria

158 2290 411 2354 misericorditer
426 2290 609 2353 liberemur.
627 2312 692 2372 per.

712 2425 803 2489 Alia.

199 2536 390 2619 Quesumus
405 2537 618 2619 omnipotens
634 2539 716 2601 deus
739 2548 818 2601 uota
834 2538 1008 2600 humilium
1033 2540 1165 2620 respice.
1188 2548 1289 2619 atque
1311 2539 1353 2600 ad

157 2623 381 2687 defensionem
414 2635 561 2688 nostram
591 2627 767 2688 dexteram
798 2637 875 2688 tuae
898 2627 1081 2689 maiestatis
1112 2626 1266 2689 extende.
1297 2647 1356 2707 per

157 2712 336 2774 dominum.

708 2837 799 2900 Alia.

199 2948 361 3012 Actiones
377 2960 506 3011 nostras
521 2968 701 3030 quesumus
724 2949 860 3011 domine
882 2957 916 3011 et
939 2950 1116 3032 aspirando
1140 2950 1305 3030 praeueni.
1323 2958 1356 3012 et

160 3035 347 3099 adiuuando
370 3056 575 3118 prosequere.
592 3047 629 3099 ut
652 3047 772 3098 cuncta
795 3046 907 3098 nostra
923 3039 1072 3117 operatio
1088 3048 1122 3099 et
1137 3059 1157 3099 a
1174 3049 1207 3098 te
1223 3057 1354 3118 semper

160 3122 299 3206 incipiat
316 3132 351 3185 et
366 3133 474 3205 perte
490 3133 588 3207 cepta
604 3122 744 3187 finiatur.
761 3144 819 3204 per
834 3124 1017 3186 dominum.

664 3278 695 3340 A
699 3278 726 3340 d
738 3278 880 3339 nussam.

199 3386 307 3469 lDeus
331 3388 388 3471 qui
412 3388 517 3451 tribus
544 3389 654 3472 pueris
682 3390 840 3470 mitigasti
867 3388 1019 3451 flammas
1044 3389 1180 3469 ignium.
1211 3388 1267 3470 [lo
1301 3389 1351 3466 46.

160 3477 299 3539 concede
329 3475 501 3557 propitius.
534 3487 569 3538 ut
601 3497 661 3539 nos
692 3476 834 3539 famulos
866 3487 940 3538 tuos
972 3496 1037 3538 non
1069 3485 1187 3538 exurat
1219 3475 1355 3540 flamma

161 3563 320 3626 uitiorum.
336 3582 396 3645 per
410 3563 591 3626 dominum.

687 3686 824 3751 Secreta.

201 3797 434 3861 Praesentibus
469 3798 635 3862 sacrificiis
660 3801 795 3863 domine
822 3799 942 3862 ieiunia
967 3810 1081 3862 nostra
1107 3798 1285 3861 sanctifica.
1317 3808 1354 3860 ut

162 3887 243 3965 quod
259 3886 475 3949 obseruantia
487 3898 601 3950 nostra
616 3887 790 3970 profitetur
805 3889 1012 3950 extrinsecus
1033 3888 1168 3949 interius
1191 3898 1353 3968 operetur.

162 3990 220 4051 per.

665 4098 845 4178 Praefatio.

199 4210 249 4275 (D
264 4220 400 4273 aeterne
414 4209 505 4272 deus.
535 4207 755 4273 inluminator
770 4222 803 4273 et
819 4213 1010 4292 redemptor
1025 4210 1209 4273 animarum
1226 4218 1353 4272 nostra·

162 4316 228 4359 rum
243 4298 301 4380 qui
318 4315 380 4359 nos
390 4315 449 4377 per
463 4296 606 4379 primum
618 4297 717 4360 adam
729 4297 950 4360 abstinentiae
961 4296 1033 4379 lege
1050 4296 1173 4359 uiolata
1189 4297 1355 4378 paradyso

161 4384 287 4449 eiectos.
303 4382 448 4447 fortioris
463 4383 575 4446 ieiunii
592 4384 739 4447 remedio
754 4384 796 4447 ad
820 4385 956 4465 antique
972 4385 1098 4467 patriae
1114 4383 1354 4447 beatitudinem

162 4490 216 4551 per
240 4471 384 4555 gratiam
412 4470 574 4533 reuocasti
596 4490 721 4553 nosque
744 4472 800 4554 pia
823 4472 1030 4534 institutione
1054 4471 1204 4533 docuisti.
1235 4472 1361 4553 quibus.

162 4556 447 4623 obseruationibus
462 4576 483 4619 a
497 4558 642 4641 peccatis
658 4559 812 4621 omnibus
829 4558 1011 4623 liberemur.
1028 4578 1086 4641 per
1101 4558 1268 4621 christum.

1163 4660 1184 4707 l·
1209 4661 1227 4705 2
