3038 5106
216 338 267 387 208
515 334 573 385 VII.
601 333 652 385 ID.
680 334 783 384 SEPT.
816 332 888 386 UIG.
915 332 943 383 S.
970 332 1132 383 MARIAE.

753 498 890 565 Secreta.

264 603 402 666 Hostias
418 602 553 664 domine
570 611 648 665 tuae
670 598 777 683 plebis
800 601 943 663 intende.
959 608 993 662 et
1016 619 1099 680 quas
1122 599 1154 661 in
1179 598 1305 662 honore
1327 620 1421 663 sanc·

216 701 326 754 torum
342 700 473 753 tuorum
495 688 618 751 deuota
641 696 753 750 mente
775 687 949 750 caelebrat.
966 685 1124 769 proficere
1146 686 1208 749 sibi
1233 686 1356 751 sentiat
1379 688 1420 750 ad

218 777 367 840 salutem.
384 796 442 858 per
459 776 641 838 dominum.

674 909 736 973 Ad
745 908 970 991 conplendum.

262 1024 393 1107 Repleti
410 1024 544 1087 domine
561 1023 752 1086 muneribus
768 1022 875 1084 sacris.
892 1041 1072 1103 quesumus
1087 1031 1123 1084 ut
1140 1021 1422 1086 intercedentibus

213 1114 339 1175 sanctis
355 1113 420 1175 tuis
436 1113 468 1172 in
484 1111 663 1192 gratiarum
689 1120 818 1171 tuarum
836 1128 966 1190 semper
988 1110 1119 1171 actione
1143 1128 1346 1173 maneamus.
1363 1131 1422 1192 per

217 1201 389 1265 dominum
407 1209 565 1260 nostrum.

342 1413 433 1475 Kar„
458 1412 562 1475 Seru.
587 1410 742 1472 Numen
768 1409 909 1473 Sauerr
935 1411 1057 1475 Pmsm
1082 1411 1288 1476 Mnurrms.

260 1521 483 1604 Omnipotens
499 1523 700 1603 sempiterne
723 1522 812 1584 deus.
831 1521 988 1585 fortitudo
1012 1524 1209 1587 certantium
1235 1534 1269 1586 et
1292 1534 1419 1606 marty·

216 1631 288 1674 rum
319 1611 440 1693 palma
471 1609 752 1690 sollempnitatem
790 1609 949 1687 hodierne
988 1610 1051 1672 diei
1090 1612 1251 1692 propitius
1290 1612 1421 1674 intuere

215 1695 264 1781 set
279 1698 450 1760 ecclesiam
475 1707 566 1759 tuam
590 1697 748 1757 continua
771 1695 822 1759 lac
845 1695 1056 1760 caelebritate
1078 1697 1199 1759 laetari.
1216 1708 1249 1760 et
1274 1696 1329 1779 [io.
1352 1714 1420 1778 149.

216 1786 449 1848 intercessione
466 1783 553 1846 beati
571 1783 725 1863 martyris
749 1783 845 1863 prisci
862 1784 1010 1845 omnium
1024 1785 1056 1844 in
1073 1793 1106 1846 te
1121 1785 1327 1847 credentium
1338 1796 1420 1847 uota

211 1870 371 1953 perficias.
389 1891 452 1952 per.

747 1989 883 2053 Sacrata.

259 2102 380 2178 Euiusl
395 2104 453 2167 tibi
469 2102 641 2185 praecibus
657 2104 792 2165 domine
814 2122 994 2184 quesumus
1009 2115 1104 2185 grata
1119 2104 1277 2168 reddatur
1292 2103 1419 2168 oblatio

215 2212 275 2275 pro
290 2194 382 2253 cuius
399 2201 448 2253 est
464 2191 646 2253 sestiuitate
663 2189 874 2252 immolanda.
892 2209 959 2271 per.

726 2327 905 2407 Praefatio.

257 2442 307 2505 (ἑ)
324 2451 456 2504 aeterne
472 2441 564 2502 deus.
610 2439 675 2521 Qui
700 2441 747 2501 sic
772 2439 887 2502 tribuis
912 2439 1084 2503 ecclesiam
1107 2450 1199 2503 tuam
1224 2453 1414 2505 sanctorum

211 2529 529 2591 commemoratione
545 2527 709 2608 proficere.
727 2536 762 2589 ut
778 2547 852 2588 eam
869 2546 1001 2607 semper
1024 2527 1162 2589 illorum.
1179 2538 1212 2590 et
1232 2528 1414 2591 iestiuitate

214 2614 377 2678 laetifices.
395 2625 427 2676 ct
451 2615 608 2695 exemplo
632 2615 705 2695 piae
721 2613 980 2675 conuersationis
996 2634 1161 2676 exerceas.
1178 2625 1339 2696 grataque
1355 2616 1413 2678 tibi

212 2702 453 2784 supplicatione
469 2702 597 2763 tuearis.
615 2722 672 2782 per
688 2700 845 2762 christum
863 2701 1035 2762 dominum
1053 2711 1209 2763 nostrum.

658 2845 719 2906 Ad
738 2845 961 2925 corrrpt'endmn.

255 2959 389 3020 Praesta
420 2976 598 3037 quesumus
629 2956 763 3019 domine
793 2968 829 3019 ut
857 2958 1053 3019 sacramenti
1085 2959 1131 3019 tui
1157 2958 1412 3039 participatione

209 3045 364 3125 uegetati.
382 3045 485 3105 sancti
503 3063 634 3123 quoque
657 3045 810 3125 martyris
833 3044 881 3106 tui
903 3045 999 3124 prisci
1016 3044 1188 3126 praecibus
1206 3046 1410 3108 adiuuemur.

211 3152 269 3214 per
284 3132 456 3194 dominum
474 3139 631 3191 nostrum.

390 3363 451 3409 vn.
478 3349 567 3411 Inus
593 3349 696 3412 Sene.
722 3348 876 3412 Ursum
901 3348 1075 3412 Sincere
1101 3350 1262 3411 linurin.

254 3461 384 3525 Adesto
401 3461 495 3522 nobis
511 3462 721 3541 omnipotens
743 3461 831 3522 deus.
852 3462 969 3522 beatae
994 3463 1116 3523 mariae
1133 3461 1216 3522 festa
1232 3462 1410 3542 repetenti·

209 3550 280 3611 bus.
312 3568 411 3629 quam
442 3547 621 3609 hodiernae
659 3547 848 3609 sestiuitatis
888 3548 1053 3629 prolatam
1092 3559 1212 3610 exortu
1250 3548 1408 3610 ineflabili

211 3656 346 3698 munere
362 3635 549 3697 subleuasti.
568 3655 626 3714 per
641 3635 821 3696 (lominum.

744 3772 879 3834 Secreta.

256 3885 380 3966 Accipe
397 3905 533 3946 munera
548 3884 683 3945 domine
698 3905 783 3965 quae
799 3886 831 3946 in
848 3885 965 3947 beatae
982 3885 1103 3946 mariae
1117 3885 1233 3945 iterata
1249 3882 1405 3965 sollemp-

211 3974 313 4034 nitate
329 3971 517 4033 deserimus¹
534 3972 611 4050 quia
627 3971 668 4033 ad
686 3982 743 4033 tua
760 3974 934 4052 praeconia
951 3973 1085 4034 recurrit
1101 3981 1134 4032 et
1158 3971 1291 4033 laudem
1315 3972 1404 4053 quod

211 4059 262 4121 uel
280 4058 354 4121 talis
371 4067 442 4120 orta
459 4068 508 4119 est
525 4057 575 4118 uel
594 4058 668 4119 talis
685 4068 863 4140 assumpta.
881 4080 939 4140 per
954 4060 1136 4121 dominum.

656 4196 717 4257 Ad
735 4197 957 4279 complendum.

255 4307 384 4369 Adesto
400 4307 534 4370 domine
551 4309 676 4389 populo
693 4318 759 4371 tuo.
776 4320 812 4371 ut
828 4329 913 4390 quae
929 4310 1071 4390 sumpsit
1088 4307 1227 4372 fideliter
1242 4318 1276 4369 et
1294 4317 1406 4370 mente

208 4395 271 4456 sibi
309 4404 342 4457 et
378 4413 514 4476 corpore
553 4395 670 4457 heatae
704 4396 826 4458 mariae
860 4396 1094 4459 intercessione
1128 4395 1303 4458 custodiat.
1348 4414 1407 4477 per

206 4480 381 4544 dominum
398 4490 555 4544 nostrum.
