3038 5106
454 344 570 396 HEBD.
600 345 671 397 ΙΙΙΙ.
701 345 837 408 QUADR.
882 347 998 398 FERIA
1031 346 1060 398 V.

687 541 823 608 Secreta

197 638 372 722 Supplices
384 639 519 703 domine
535 648 568 703 te
584 660 739 722 rogamus
755 652 792 705 ut
808 640 975 705 sacrificiis
985 651 1122 726 peccata
1134 652 1248 706 nostra
1260 663 1358 707 mun-

153 727 279 790 dentur.
296 727 374 808 quia
389 737 468 789 tunc
484 747 596 790 ueram
613 728 708 791 nobis
729 729 846 792 tribuis
860 738 895 792 et
911 731 1032 793 mentis
1051 740 1085 794 et
1106 731 1252 812 corporis
1266 732 1359 794 sani·

152 824 264 876 tatem.
281 834 340 896 per
354 813 536 878 dominum.

662 927 844 1009 Praefatio.

197 1031 247 1093 tl)
271 1049 330 1111 per
343 1029 502 1092 christum
519 1029 691 1092 dominum
709 1040 867 1094 nostrum.
915 1029 981 1113 Qui
1006 1032 1258 1096 inluminatione
1275 1052 1358 1095 suae

154 1117 230 1180 fidei
259 1116 411 1181 tenebras
436 1116 567 1198 expulit
594 1118 719 1181 mundi.
735 1128 768 1181 et
789 1138 895 1199 genus
922 1118 1105 1183 humanum
1121 1120 1211 1201 quod
1227 1120 1359 1200 primae

154 1205 268 1268 matris
299 1212 410 1266 uterus
440 1203 630 1285 profuderat
654 1225 801 1268 caecum.
828 1206 1063 1271 incarnationis
1088 1227 1167 1269 suae
1195 1207 1357 1286 mysterio

154 1291 297 1355 reddidit
329 1291 571 1354 inluminatum.
632 1291 791 1372 Fecitque
829 1291 914 1354 filios
945 1295 1144 1374 adoptionis.
1174 1294 1230 1374 qui
1262 1303 1357 1355 tene-

154 1380 274 1442 bantur
304 1378 443 1440 uinculis
473 1378 559 1454 iuste
597 1377 852 1459 dampnationis.
915 1380 977 1442 Per
1007 1381 1113 1461 ipsum
1146 1390 1179 1443 te
1209 1381 1357 1462 petimus

154 1476 190 1529 ut
221 1464 304 1528 tales
335 1466 367 1526 in
405 1465 475 1526 eius
506 1465 713 1528 inueniamur
743 1466 923 1529 iustissima
952 1468 1202 1530 examinatione
1239 1467 1357 1548 quales

154 1553 231 1614 lacti
255 1572 368 1614 sumus
395 1553 427 1613 in
453 1551 573 1613 lauacri
605 1551 756 1614 salutaris
788 1552 975 1616 felicissima
999 1554 1256 1636 regeneratione.
1306 1554 1356 1617 Ut

153 1641 222 1701 cius
254 1639 488 1700 incarnationis
527 1639 744 1701 medicamine
782 1640 949 1703 imbuisti.¹
990 1642 1190 1703 sacrosancti
1231 1640 1354 1703 lauacri

152 1727 322 1789 ablutione
348 1725 413 1787 loti.
431 1725 657 1806 parsimoniae.
681 1726 860 1789 deuotione
876 1727 991 1790 ornati.
1008 1729 1050 1791 ad
1074 1738 1209 1790 aeterna
1231 1728 1357 1809 gaudia

152 1814 384 1895 perueniamus
401 1811 523 1874 inlaesi.
539 1832 599 1893 per
612 1832 712 1893 quem
729 1814 937 1877 maiestatem
954 1823 1055 1878 tuam.

603 1959 665 2022 Ad
675 1958 899 2039 complendum.

195 2071 411 2136 Sacramenta
426 2090 511 2152 quae
526 2071 729 2151 sumpsimus
751 2070 887 2132 domine
910 2070 993 2133 deus
1009 2080 1127 2134 noster.
1144 2082 1179 2134 et
1202 2071 1355 2153 spiritali·

151 2160 214 2222 bus
245 2179 305 2220 nos
336 2158 483 2239 repleant
514 2157 679 2220 alimentis
709 2168 743 2221 et
768 2156 1010 2240 corpolralibus
1035 2169 1191 2222 tueantur
1221 2158 1277 2240 [so.
1304 2173 1353 2238 53.

151 2246 291 2309 auxiliis.
309 2265 367 2327 per
382 2245 563 2307 dominum.

605 2372 713 2453 Super
731 2373 894 2454 populum.

196 2487 334 2550 Pateant
351 2506 445 2547 aures
463 2483 704 2547 misericordiae
719 2493 796 2546 tuae
819 2484 954 2547 domine
970 2484 1144 2566 praecibus
1161 2484 1350 2565 supplican-

151 2577 243 2638 tium.
260 2584 292 2635 et
308 2581 344 2635 ut
361 2574 549 2654 petentibus
565 2572 753 2634 desiderata
768 2574 939 2635 concedas.
957 2571 1008 2635 sac
1024 2593 1080 2635 eos
1096 2591 1181 2653 quae
1198 2572 1257 2634 tibi
1274 2581 1351 2634 sunt

151 2663 272 2744 placita
288 2660 463 2741 postulare.
480 2679 538 2742 per
553 2660 724 2721 dominum
743 2670 901 2722 nostrum.

671 2857 846 2921 mev

195 2984 329 3045 Praesta
355 3000 536 3062 quesumus
560 2979 695 3042 domine
721 2988 756 3041 ut
787 2977 986 3039 salutaribus
1017 2978 1145 3041 ieiuniis
1175 2979 1304 3042 eruditi.
1331 2999 1349 3040 a

151 3072 260 3134 noxiis
290 3071 391 3131 etiam
430 3068 518 3128 uitiis
549 3067 759 3128 abstinentes.
795 3066 1065 3146 propitiationem
1093 3075 1184 3128 tuam
1224 3066 1349 3129 facilius

151 3161 372 3240 impetremus.
390 3175 449 3237 per
460 3153 641 3216 dominum.

685 3261 821 3325 Secreta.

194 3379 332 3444 Purifica
355 3400 415 3440 nos
433 3377 616 3439 misericors
639 3375 729 3437 deus,
746 3385 781 3438 ut
806 3375 983 3437 aecclesiae
1008 3384 1085 3437 tuae
1108 3396 1243 3457 praeces
1266 3397 1350 3457 quae

151 3470 209 3532 tibi
237 3478 351 3548 gratae
378 3476 455 3527 sunt
471 3465 527 3546 pia
552 3482 688 3524 munera
715 3461 901 3524 deserentes
926 3461 1006 3524 fiant
1022 3464 1167 3543 expiatis
1184 3466 1349 3527 mentibus

149 3557 315 3638 gratiores.
332 3573 398 3634 per.

658 3651 843 3733 Praefatio.

195 3763 243 3825 ff)
275 3769 407 3823 aeterne
429 3760 518 3820 deus.
544 3755 644 3819 Cuius
676 3755 807 3817 bonitas
834 3755 1002 3817 hominem
1035 3756 1193 3818 condidit.
1226 3757 1350 3820 iustitia

150 3848 355 3930 dampnauit.
381 3844 602 3907 misericordia
630 3843 778 3905 redemit.
822 3843 873 3905 Te
900 3842 1069 3906 humiliter
1098 3863 1287 3905 exoramus.
1315 3855 1350 3906 ut

151 3939 235 3998 sicut
259 3955 317 4017 per
340 3933 483 3995 inlicitos
506 3931 673 4012 appetitus
698 3951 717 3991 a
744 3929 842 3991 beata
867 3930 1001 4010 regione
1027 3930 1219 3992 decidimus.
1236 3932 1283 3992 sic
1308 3933 1348 3993 ad

151 4033 319 4086 aeternam
347 4020 488 4102 patriam
520 4038 578 4098 per
602 4017 836 4079 abstinentiam
865 4019 1047 4079 redeamus
1095 4015 1215 4097 Sicque
1239 4020 1351 4081 mode-

151 4123 240 4174 retur
264 4120 321 4171 tua
348 4106 558 4168 miseratione
581 4112 693 4165 nostra
718 4101 887 4185 fragilitas,
909 4114 945 4165 ut
971 4103 1167 4166 transitoriis
1195 4103 1350 4166 subsidiis

76 4237 79 4243 ,
153 4209 266 4260 nostra
292 4203 495 4257 sustentetur
524 4190 716 4252 mortalitas,
744 4200 778 4252 et
807 4211 866 4272 per
892 4190 1053 4253 bonorum
1080 4210 1217 4271 operum
1250 4192 1352 4253 incre-

152 4295 265 4347 menta
292 4284 389 4345 beata
418 4280 612 4360 adquiratur
642 4277 869 4340 inmortalitas,
897 4298 955 4358 per
985 4278 1143 4339 christum
1175 4278 1348 4341 dominum

151 4381 308 4434 nostrum.

668 4528 676 4562 ¹
693 4534 743 4584 For
755 4534 853 4584 imbuti.
