3038 5106
199 349 244 412 148
467 350 495 401 V.
526 350 611 400 KAL.
641 349 719 400 IAN.
748 348 835 399 ΝΑΤ.
866 348 1133 402 ΙΝΝΟΕΕΝΤΗΜ.

197 503 286 567 tolici
302 502 463 567 culminis.
478 504 534 585 qui
550 512 681 567 tantum
698 503 780 566 retia
802 502 946 566 camalia
961 512 1206 586 contempserat
1228 502 1399 585 genitoris.

199 589 332 673 Quique
346 591 390 654 ab
405 590 577 672 unigenito
589 600 648 654 tuo
671 590 717 652 sic
732 587 937 653 familiariter
950 600 1001 653 est
1011 589 1160 653 dilectus.
1176 600 1211 653 et
1226 590 1402 653 inmensae

198 679 325 760 gratiae
341 678 533 741 muneribus
557 677 761 760 adprobatus
784 686 821 739 ut
847 697 923 740 eum
950 676 1037 740 idem
1062 676 1217 739 dominus
1242 677 1275 738 in
1301 697 1401 740 cruce

200 766 265 827 iam
304 766 439 847 positus.
471 764 629 827 uicarium
660 783 740 826 suae
772 763 868 826 matri
906 763 1026 846 uirgini
1056 761 1160 825 filiurn
1191 764 1401 846 subrogaret.

200 850 366 933 Quatinus
389 851 508 914 beatae
530 850 706 933 genetricis
727 850 916 931 integritati.
940 850 1071 933 probati
1098 850 1276 932 dilectique
1301 851 1403 913 disci-

200 937 268 1021 puli
292 938 463 1018 uirginitas
490 939 678 1001 deseruiret.
726 936 814 1000 Nam
839 937 930 999 etin
955 957 1077 1000 caenae
1105 938 1266 1019 mysticae
1288 958 1402 1000 saero-

200 1035 316 1088 sancto
346 1025 510 1087 conuiuio.
536 1044 636 1106 super
665 1025 773 1105 ipsum
800 1024 888 1086 uitae
920 1023 1046 1087 fontem
1073 1034 1246 1087 aeternum
1271 1023 1401 1087 scilicet

201 1121 317 1194 pectus
349 1113 541 1174 recubuerat
572 1111 755 1174 saluatoris.
817 1111 870 1173 De
900 1131 967 1192 quo
1006 1111 1193 1193 perenniter
1227 1113 1403 1174 manantia

200 1198 351 1261 caelestis
378 1198 531 1262 hauriens
554 1197 679 1261 fluenta
693 1197 873 1261 doctrinae.
890 1206 959 1260 tam
985 1196 1157 1280 profundis
1182 1219 1219 1261 ac
1247 1200 1402 1280 mysticis

201 1285 458 1348 reuelationibus
479 1296 529 1348 est
545 1285 700 1348 imbutus
726 1294 762 1347 ut
778 1304 911 1347 omnem
936 1284 1180 1367 transgrediens
1203 1295 1400 1348 creaturam.

200 1372 333 1435 excelsa
350 1383 461 1435 mente
476 1372 681 1454 conspiceret
705 1381 738 1434 et
754 1370 945 1453 euangelica
961 1392 1043 1435 uoce
1066 1372 1232 1454 proferret
1249 1373 1339 1453 quod
1368 1374 1400 1434 in

202 1460 364 1541 principio
380 1469 450 1522 erat
467 1460 615 1522 uerbum.
632 1469 666 1521 et
682 1458 819 1521 uerbum
837 1468 906 1521 erat
929 1459 1017 1541 apud
1041 1460 1140 1521 deum
1165 1469 1199 1521 et
1221 1459 1303 1521 deus
1326 1470 1400 1522 erat

200 1546 346 1609 uerbum.
362 1557 396 1608 et
412 1548 487 1610 ideo
502 1566 577 1608 cum
594 1546 727 1627 angelis

653 1679 715 1742 Ad
725 1680 949 1761 coarguendum.

244 1790 389 1874 (Refecti
402 1791 488 1874 cybo
501 1803 649 1875 potuque
665 1792 798 1856 caelesti
811 1792 893 1855 deus
906 1802 1018 1855 noster
1027 1802 1061 1856 te
1072 1791 1239 1875 supplices
1255 1790 1311 1873 [fo.
1330 1794 1402 1855 106.

201 1879 425 1960 deprecamur.
443 1890 480 1942 ut
497 1881 529 1942 in
546 1881 639 1942 cuius
655 1880 736 1942 haec
752 1880 1068 1943 commemoratione
1092 1879 1310 1961 percepimus.
1328 1879 1403 1940 eius

202 1965 389 2028 muniamur
405 1975 438 2028 et
454 1966 634 2047 praecibus,
652 1987 717 2049 per.

676 2104 739 2167 Ad
757 2114 930 2185 uesperum.

248 2216 340 2278 Deus
364 2216 420 2296 qui
447 2236 506 2296 per
528 2236 566 2278 os
590 2214 677 2279 beati
701 2217 843 2298 apostoli
867 2216 915 2279 tui
939 2216 1090 2279 iohannis
1114 2215 1204 2278 uerbi
1230 2216 1278 2278 tui
1303 2215 1404 2278 nobis

203 2301 346 2364 archana
363 2303 521 2365 reserasti.
538 2313 671 2385 praesta
690 2323 871 2384 quesumus
887 2313 923 2366 ut
938 2304 1029 2385 quod
1053 2302 1107 2365 ille
1123 2302 1244 2365 nostris
1267 2301 1404 2364 auribus

203 2388 405 2451 excellenter
421 2389 548 2452 infudit.
573 2389 809 2471 intelligentiae
832 2390 1052 2472 competentis
1067 2389 1288 2452 eruditionem
1313 2390 1404 2470 capi·

204 2496 307 2538 amus.
323 2496 381 2558 per
396 2478 548 2539 eundem.

415 2678 445 2727 v.
464 2663 554 2728 KA1..
574 2665 651 2727 lnu.
671 2664 825 2727 NATALE
844 2666 1111 2728 luuocnuruu.

251 2792 343 2854 Deus
358 2795 450 2855 cuius
467 2793 626 2856 hodierna
642 2794 696 2856 die
712 2795 923 2876 praeconium
949 2795 1141 2855 innocentes
1158 2802 1320 2872 martyres
1338 2811 1407 2852 non

207 2877 375 2959 loquendo
402 2881 459 2942 sed
485 2881 656 2942 moriendo
679 2881 819 2943 confessi
843 2891 927 2943 sunt.
952 2881 1064 2942 omnia
1088 2881 1119 2941 in
1137 2879 1232 2940 nobis
1248 2878 1407 2939 uitiorum

209 2966 296 3027 mala
313 2965 482 3028 mortifica.
500 2978 536 3029 ut
550 2966 649 3029 fidem
666 2978 757 3030 tuam
771 2988 871 3049 quam
890 2968 1002 3048 lingua
1015 2976 1128 3028 nostra
1143 2965 1289 3046 loquitur
1304 2965 1408 3027 etiam

210 3051 354 3114 moribus
371 3054 439 3115 uita
456 3053 604 3116 fateatur.
622 3075 679 3135 per
694 3055 878 3116 dominum.

741 3196 877 3260 Secreta.

255 3305 453 3369 Sanctorum
476 3318 606 3370 tuorum
632 3308 727 3370 nobis
750 3309 885 3370 domine
907 3310 962 3390 pia
986 3327 1051 3369 non
1076 3306 1161 3368 desit
1185 3305 1298 3368 oratio
1322 3324 1409 3386 quae

210 3402 244 3454 et
261 3413 397 3455 munera
412 3405 526 3456 nostra
541 3394 702 3457 conciliet.
719 3405 752 3457 et
775 3405 867 3457 tuam
892 3395 987 3456 nobis
1012 3392 1252 3474 indulgentiam
1278 3411 1411 3473 semper

209 3480 367 3543 obtineat.
383 3501 447 3562 per.

719 3618 898 3697 Praeferri).

259 3729 307 3790 ff)
324 3738 457 3789 aeterne
473 3730 563 3791 deus
610 3730 655 3791 Et
677 3730 708 3790 in
733 3730 884 3811 pretiosis
908 3729 1068 3791 mortibus
1092 3727 1303 3810 paruulorum
1328 3745 1413 3806 quos

216 3825 350 3895 propter
379 3817 482 3877 nostri
522 3815 694 3878 saluatoris
725 3814 897 3878 infantiam
936 3815 1066 3878 bestiali
1103 3815 1242 3877 saeuitia
1272 3812 1414 3875 herodes

216 3900 365 3964 funestus
381 3901 509 3964 occidit.
527 3902 677 3965 inmensa
695 3902 891 3966 clementiae
914 3911 990 3965 tuae
1013 3902 1103 3964 dona
1125 3901 1323 3984 praedicare.
1372 3899 1412 3960 lu

216 3988 336 4068 quibus
352 3987 456 4070 fulget
472 3989 542 4051 sola
559 3990 664 4070 magis
680 3990 787 4071 gratia
802 4009 902 4071 quam
920 3990 1082 4052 uoluntas.
1102 3998 1135 4052 et
1151 3988 1238 4050 clara
1254 3995 1304 4048 est
1321 3985 1414 4067 prius

218 4075 380 4137 confessio
403 4096 502 4157 quam
538 4076 677 4159 loquela.
737 4077 829 4140 Ante
852 4077 970 4159 passio.
994 4096 1094 4157 quam
1119 4074 1268 4137 membra
1292 4072 1413 4134 idonea

218 4163 371 4245 passioni.
428 4162 588 4225 Existunt
620 4173 722 4226 testes
756 4164 867 4227 christi
906 4164 962 4245 qui
997 4164 1068 4227 eius
1100 4162 1248 4225 nondum
1282 4159 1412 4221 fuerant

218 4250 393 4328 agnitores
418 4248 449 4312 Ο
466 4248 595 4314 infinita
618 4249 813 4332 benignitas.
838 4248 869 4314 Ο
894 4249 1068 4312 ineffabilis
1083 4248 1223 4334 lmiseri-
1246 4245 1302 4328 [so.
1324 4247 1415 4308 106v.

219 4337 338 4398 cordia.
362 4336 418 4417 qui
450 4357 511 4419 pro
542 4357 603 4400 suo
626 4337 760 4399 nomine
786 4337 958 4401 trucidatis
983 4338 1136 4400 meritum
1159 4334 1284 4418 gloriae
1307 4332 1414 4415 perire

220 4442 285 4485 non
309 4423 441 4505 patitur.
457 4423 516 4486 sed
540 4424 673 4505 proprio
688 4444 802 4486 cruore
826 4424 971 4506 perfusis.
987 4434 1022 4487 et
1044 4424 1133 4487 salus
1156 4420 1416 4505 regenerationis

219 4508 401 4573 adhibetur.
415 4519 448 4572 et
464 4511 647 4593 imputatur
662 4531 783 4574 corona
800 4512 947 4593 martyrii
964 4523 997 4574 et
1013 4512 1096 4574 ideo.
