3038 5106
567 358 680 408 MISSA
702 358 776 409 PRO
797 356 908 407 REGE.

585 534 693 617 Super
698 534 862 617 populum.

166 648 234 711 Fac
248 667 310 711 nos
325 648 460 713 domine
474 668 654 730 quesumus
669 657 805 711 sanctae
821 647 943 710 mariae
955 666 1085 728 semper
1100 644 1236 727 uirginis
1252 642 1328 705 sub-

122 735 214 798 sidiis
228 735 345 799 attolli.
361 745 394 799 et
420 735 564 817 gloriosa
579 734 750 798 beatarum
776 735 924 797 omnium
950 733 1141 797 caelestium
1169 731 1326 793 uirtutum

119 830 154 885 et
162 832 351 885 sanctorum
364 822 622 905 patriarcharum
634 821 878 905 prophetarum.
889 820 1122 902 apostolorum.
1136 828 1328 898 martyrum.

121 908 345 973 confessorum
362 910 535 992 uirginum.
551 911 768 990 omniumque
791 908 888 970 simul
911 916 1100 971 sanctorum
1124 904 1328 988 protectione

121 994 264 1059 defendi.
281 1006 316 1058 ut
331 995 411 1060 dum
428 1016 541 1059 eorum
557 997 680 1078 pariter
694 996 816 1058 cotidie
832 995 1026 1058 memoriam
1050 993 1197 1056 iacimus.
1212 1010 1326 1054 eorum

120 1085 243 1164 pariter
271 1084 392 1146 cotidie
422 1082 466 1145 ab
491 1083 645 1145 omnibus
681 1083 828 1146 aduersis
868 1092 1081 1163 protegamur
1106 1079 1241 1142 auxilio,
1269 1098 1327 1159 per

119 1168 301 1232 dominum.

614 1377 707 1439 [rau
733 1376 839 1439 Arm.

164 1503 319 1568 Concede
334 1525 512 1586 quesumus
528 1507 739 1588 omnipotens
755 1507 845 1569 deus.
861 1516 897 1569 ut
913 1505 1102 1568 intercessio
1118 1524 1177 1567 nos
1193 1513 1329 1566 sanctae

120 1592 175 1655 dei
190 1592 356 1673 genitricis
373 1593 504 1655 mariae.
521 1604 777 1674 sanctorumque
792 1594 940 1656 omnium
958 1592 1184 1674 apostolorum
1202 1600 1326 1672 marty·

120 1698 192 1741 rum
209 1678 433 1742 consessorum
446 1690 479 1742 et
495 1680 659 1761 uirginum
670 1690 703 1743 et
713 1681 862 1743 omnium
873 1681 1050 1742 electorum
1064 1689 1194 1741 tuorum
1206 1677 1327 1758 ubique

119 1763 282 1828 laetificet.
298 1775 334 1829 ut
352 1766 433 1828 dum
456 1786 569 1829 eorum
592 1764 726 1849 lmerita
749 1768 931 1831 recolimus.
948 1766 1130 1848 patrocinia
1158 1765 1325 1848 [fo.180v.

117 1852 307 1917 sentiamus.
324 1873 390 1935 per.

654 1973 793 2037 Secreta.

164 2082 297 2148 Oblatis
313 2086 447 2148 domine
470 2087 601 2169 placare
618 2087 808 2150 muneribus
823 2096 857 2149 et
873 2086 1150 2148 intercedentibus
1173 2084 1328 2147 omnibus

119 2172 242 2234 sanctis
258 2173 330 2235 tuis.
347 2193 367 2235 a
382 2174 507 2237 cunctis
524 2193 584 2236 nos
600 2173 742 2237 defende
757 2173 916 2255 periculis.
933 2192 992 2255 per
1006 2172 1189 2234 dominum.
1232 2224 1243 2241 ,

573 2338 637 2401 Ad
646 2338 872 2420 corrrplendum.

166 2448 377 2530 Sumpsimus
393 2451 527 2513 domine
543 2461 732 2514 sanctorum
750 2461 881 2515 tuorum
895 2450 1093 2533 sollempnia
1102 2448 1328 2513 caelebrantes

119 2545 326 2599 sacramenta
336 2537 498 2600 caelestia.
511 2548 642 2620 praesta
658 2558 837 2619 quesumus
853 2547 889 2600 ut
904 2539 993 2619 quod
1009 2537 1236 2619 temporaliter
1244 2535 1327 2615 geri-

121 2643 203 2686 mus.
219 2623 360 2685 aeternis
376 2625 505 2705 gaudiis
522 2644 772 2706 consequamur.
789 2645 848 2708 per
863 2626 1034 2687 dominum
1052 2635 1210 2686 nostrum.

555 2844 671 2907 M1sss
695 2858 765 2908 ruo
790 2844 903 2907 Rasa.

163 2968 354 3051 Quesumus
369 2971 581 3054 omnipotens
596 2974 678 3035 deus
694 2982 730 3035 ut
746 2972 888 3035 famulus
904 2982 980 3035 tuus
998 2992 1056 3034 rex
1074 2981 1186 3034 noster
1197 2972 1253 3052 qui
1269 2980 1327 3034 tua

121 3057 330 3120 miseratione
345 3060 489 3141 suscepit
512 3060 603 3141 regni
626 3059 857 3140 gubernacula.
873 3060 1031 3122 uirtutum
1054 3060 1155 3121 etiam
1179 3058 1326 3120 omnium

119 3144 280 3227 percipiat
293 3145 502 3208 incrementa.
515 3145 635 3227 quibus
644 3147 800 3209 decenter
811 3158 955 3210 omatus.
967 3156 1000 3209 et
1012 3147 1167 3209 uitiorum
1181 3154 1329 3207 monstra

118 3231 267 3294 deuitare
282 3241 316 3295 et
332 3231 461 3295 hostem
478 3253 640 3315 superare.
657 3244 689 3296 et
715 3235 756 3296 ad
782 3244 816 3296 te
840 3235 895 3315 qui
924 3234 978 3297 uia
1002 3233 1123 3296 ueritas
1151 3242 1183 3295 et
1208 3233 1277 3294 uita
1293 3251 1328 3293 es

117 3318 282 3400 gratiosus
298 3318 408 3382 ualeat
423 3320 602 3401 peruenire.
619 3341 684 3402 per.

657 3458 793 3522 Secreta.

165 3566 305 3632 Munera
320 3570 456 3632 domine
471 3589 650 3650 quesumus
666 3569 779 3632 oblata
795 3568 972 3633 sanctifica.
989 3579 1070 3632 utet
1083 3571 1154 3631 nos¹
1168 3570 1326 3649 unigeniti

118 3654 167 3716 tui
194 3674 312 3737 corpus
335 3666 369 3719 et
392 3657 526 3738 sanguis
550 3655 630 3719 fiant
645 3666 679 3718 et
696 3658 762 3738 regi
780 3667 892 3719 nostro
907 3658 949 3719 ad
966 3657 1182 3739 optinendam
1199 3656 1330 3718 animae

119 3742 332 3823 corporisque
348 3744 498 3806 salutem.
515 3753 548 3806 et
563 3745 789 3825 peragendum
808 3744 988 3806 iniunctum
1005 3743 1150 3806 officium
1175 3752 1207 3805 te
1231 3743 1327 3823 largi·

121 3838 197 3890 ente
213 3848 449 3911 usquequaque
465 3829 645 3912 proficiant.
662 3851 721 3913 per
736 3831 908 3893 dominum
926 3840 1084 3892 nostrum.

575 3984 638 4047 Ad
647 3985 872 4066 complendmu.

166 4094 260 4157 Haec
277 4096 411 4161 domine
434 4099 538 4160 oratio
563 4096 714 4160 salutaris
741 4096 901 4161 famulum
925 4108 1018 4160 tuum
1043 4116 1154 4178 regem
1179 4105 1326 4157 nostrum

119 4179 163 4242 ab
186 4182 342 4245 omnibus
367 4193 496 4247 tueatur
521 4185 668 4247 aduersis
699 4186 853 4265 quatinus
883 4194 916 4247 et
946 4185 1207 4247 aecclesiasticae
1237 4183 1328 4263 pacis

119 4267 268 4331 obtineat
283 4270 553 4351 tranquillitatem
570 4282 604 4333 et
620 4271 712 4333 istius
722 4272 880 4353 temporis
892 4269 1084 4345 decumuml
1099 4271 1140 4333 ad
1159 4280 1326 4333 aeternam

119 4355 292 4435 perueniat
306 4354 532 4421 hereditatem.
547 4378 608 4441 per
622 4357 795 4421 dominum
812 4368 970 4421 nostrum.

636 4516 646 4551 ¹
663 4520 685 4569 F
685 4534 713 4569 or
724 4520 801 4569 nobis.
