3038 5106
499 342 549 393 IN
565 342 709 394 uratum
727 340 1012 399 PENTECOSYEM

689 520 836 587 Tractus.

200 620 382 687 Cantemus
397 623 543 688 domino,

204 709 296 772 Deus
312 711 368 791 qui
386 711 418 772 in
435 710 580 773 abrahae
602 710 715 775 famuli
737 712 785 775 tui
807 731 908 794 opere
930 709 1076 775 humano
1099 710 1210 794 generi
1226 709 1369 773 oboedi-

153 796 263 858 entiae
284 798 441 879 exempla
465 798 651 879 praebuisti.
678 800 823 862 concede
847 797 941 861 nobis
966 809 1000 861 et
1025 807 1157 862 nostrae
1179 795 1368 861 uoluntatis

155 884 354 963 prauitatem
382 884 540 966 frangere.
564 895 598 948 et
625 896 756 949 tuorum
788 895 1039 967 praeceptorum
1065 886 1300 950 rectitudinem
1334 886 1367 947 in

154 970 308 1033 omnibus
324 971 513 1054 adimplere.
530 992 597 1055 per.

700 1091 818 1157 Lcctia.

198 1195 238 1257 In
254 1195 370 1257 diebus
386 1195 456 1258 illis.
503 1195 641 1278 Scripsit
658 1216 790 1278 moyses
805 1196 980 1259 canticum.

687 1316 831 1381 Tractus.

198 1417 315 1484 Uinea.

687 1540 827 1607 Collecta.

198 1651 289 1714 Deus
305 1654 361 1734 qui
378 1654 410 1714 in
427 1620 521 1716 nobis
538 1675 595 1736 per
608 1654 842 1735 prophetarum
856 1654 937 1716 hora
950 1652 1143 1735 praecepisti
1160 1652 1364 1735 temporalia

154 1740 345 1821 relinquere.
362 1750 461 1821 atque
484 1744 610 1803 aterna¹
635 1742 799 1805 festinare.
816 1741 860 1803 da
883 1740 1015 1803 famulis
1031 1741 1096 1803 tuis
1119 1748 1156 1802 ut
1172 1760 1260 1822 quae
1276 1760 1297 1803 a
1320 1752 1362 1802 te.

153 1826 240 1887 iussa
250 1829 475 1909 cognouimus
485 1827 639 1913 simplere
651 1828 784 1891 caelesti
797 1828 1011 1910 inspiratione
1027 1827 1205 1890 ualeamus.
1215 1825 1275 1910 [fo.
1285 1829 1363 1908 83v.

152 1933 218 1994 per.

698 2034 814 2099 Lectio.

196 2136 470 2220 Apprehendent.

683 2251 826 2316 Tractus.

195 2360 354 2424 Adtende
371 2362 509 2425 caelum.

688 2482 832 2548 Collecta.

195 2593 287 2656 Deus
303 2594 359 2675 qui
376 2614 436 2655 nos
452 2594 494 2656 ad
511 2594 767 2658 caelebrandum
792 2594 946 2678 paschale
963 2603 1209 2657 sacramentum
1235 2594 1359 2657 utrius-

151 2700 216 2761 que
242 2682 433 2744 testamenti
460 2683 590 2763 paginis
617 2682 774 2746 imbuisti.
809 2684 852 2745 da
882 2683 977 2745 nobis
1010 2680 1193 2763 intelligere
1225 2683 1357 2744 miseri-

151 2767 280 2829 cordias
296 2779 370 2830 tuas
386 2778 422 2829 ut
448 2789 491 2830 ex
519 2770 731 2852 perceptione
748 2769 971 2852 praesentium
988 2788 1171 2832 munerum.
1196 2766 1295 2831 firma
1312 2771 1355 2830 sit

152 2854 344 2935 expectatio
360 2855 553 2918 futurorum.
571 2877 637 2938 per.

693 2968 807 3030 Lectio.

194 3067 287 3131 Audi
306 3068 415 3131 lsrael.

678 3182 821 3246 Tractus.

198 3279 290 3342 Sicut
311 3300 438 3343 ceruus.

197 3367 352 3430 Concede
376 3388 556 3448 quesumus
583 3369 795 3450 omnipotens
819 3370 900 3432 deus
923 3369 1038 3450 utqui
1065 3367 1349 3451 sollempnitatem

152 3453 231 3515 doni
269 3454 403 3535 spiritus
441 3456 545 3517 sancti
584 3456 732 3517 colimus.
768 3456 963 3518 caelestibus
1001 3457 1180 3518 desideriis.
1219 3458 1351 3519 accensi

153 3540 280 3602 sontem
297 3541 386 3602 uitae
399 3541 559 3604 sitiamus,
576 3563 633 3623 per
649 3544 830 3605 dominum.
848 3544 879 3604 in
896 3545 1023 3605 unitate
1038 3544 1195 3605 eiusdem.

196 3626 419 3708 Omnipotens
436 3630 635 3710 sempiterne
651 3630 732 3691 deus
748 3630 803 3711 qui
821 3629 976 3711 paschale
991 3639 1237 3692 sacramentum
1254 3632 1352 3711 quin·

151 3715 312 3795 quaginta
337 3716 464 3776 dierum
491 3716 624 3778 uoluisti
652 3719 811 3797 mysterio
833 3717 1001 3778 contineri.
1018 3727 1148 3797 praesta
1165 3737 1350 3797 quesumus

152 3811 189 3863 ut
213 3802 361 3881 gentium
388 3801 475 3864 sacta
499 3804 659 3884 dispersio
686 3804 849 3865 diuisione
872 3803 1065 3884 linguarum.
1083 3805 1124 3865 ad
1141 3823 1243 3866 unam
1271 3825 1351 3866 con-

153 3887 329 3949 sessionem
357 3890 405 3949 tui
431 3890 574 3951 nominis
604 3890 738 3952 caelesti
764 3909 900 3952 munere
926 3899 1152 3971 congregetur.
1200 3891 1262 3952 Per
1290 3892 1350 3954 do-

152 3976 277 4037 minum
294 3985 453 4038 nostrum.

195 4062 309 4123 Fc'ut'ta
332 4063 476 4124 oratcauc
499 4061 692 4125 cuchaautur
711 4063 871 4126 luctauiac
885 4073 1008 4145 septena
1021 4063 1069 4124 ad
1081 4063 1252 4125 t'utrar'turu
1275 4075 1352 4127 autc

150 4149 254 4210 altarc
272 4159 383 4230 postca
406 4150 575 4213 descendat
594 4150 693 4213 abbas
713 4171 784 4212 cum
799 4150 883 4212 scala
896 4160 1026 4212 cancutc
1048 4151 1208 4212 lactaru‘as
1229 4152 1352 4232 quinas

149 4237 198 4297 ad
211 4238 324 4316 fautus
348 4237 569 4299 bcuadc'ccua'as
591 4247 746 4318 sequatur
759 4238 863 4299 aratra
877 4248 908 4299 ct
915 4237 1089 4318 praefatia.
1134 4237 1170 4298 It
1175 4238 1203 4299 is
1218 4240 1352 4319 expletus

149 4324 284 4385 rattruut
306 4323 354 4385 ad
372 4323 477 4386 altare
498 4345 569 4388 cum
593 4325 738 4387 laetania
762 4334 855 4387 tcrua
878 4345 939 4406 quo
953 4324 1054 4406 finita
1078 4324 1167 4386 dc'cat
1189 4325 1347 4388 sacerdos.

151 4410 267 4473 Gloria
283 4410 318 4472 iu
334 4411 469 4475 excelsas.

619 4526 856 4581 ’Foruductcrnu
