3038 5106
438 358 549 409 MISSA
575 358 723 409 CONTRA
748 358 1027 423 OBLOQUENTES.
1285 362 1332 423 267

588 513 652 577 Ad
660 514 885 597 conplendum.

180 622 306 687 Auerte
326 624 462 689 domine
486 645 666 706 quesumus
689 647 710 688 a
731 625 883 690 fidelibus
908 626 973 690 tuis
997 637 1134 690 cunctos
1159 628 1333 691 miseratus

132 729 267 775 errores.
297 722 331 774 et
360 712 557 775 seuientium
589 713 778 776 morborum
810 713 938 796 depelle
969 714 1155 795 perniciem.
1183 725 1219 777 ut
1249 735 1332 796 quos

135 797 255 860 merito
280 797 429 880 flagellas
453 800 576 863 deuios.
594 799 707 862 foueas
723 809 781 863 tua
805 801 1016 863 miseratione
1032 798 1171 882 scorrec-
1188 801 1243 883 [sn.
1265 819 1331 881 193.

134 893 196 946 tos,
212 904 271 966 per
285 885 467 949 dominum.

472 1096 589 1158 M1ssa
614 1109 654 1157 m'
679 1094 863 1158 Tainour:
888 1095 1010 1157 Bucar.

181 1238 273 1302 Deus
297 1241 388 1303 cuius
417 1260 562 1321 regnum.
587 1250 638 1302 est
664 1241 812 1303 omnium
844 1240 1049 1304 saeculorum
1076 1241 1333 1324 supplicationes

136 1335 266 1389 nostras
282 1327 461 1390 clementer
475 1329 607 1390 exaudi.
618 1337 652 1389 et
663 1328 915 1390 christianorum
933 1348 1070 1410 regnum
1087 1329 1146 1391 tibi
1163 1328 1331 1391 subditum

135 1422 281 1494 protege.
294 1423 330 1477 ut
347 1416 378 1476 in
396 1423 452 1476 tua
469 1414 590 1477 uirtute
606 1413 745 1478 fidentes
757 1424 790 1477 et
807 1416 865 1479 tibi
882 1415 1044 1497 placeant.
1060 1428 1093 1479 et
1109 1435 1207 1497 super
1222 1416 1333 1477 omnia

135 1518 238 1581 regna
254 1501 462 1582 praecellant.
480 1521 545 1583 per.

670 1622 807 1685 Secreta.

181 1732 386 1797 Sacrificium
404 1735 539 1799 domine
554 1736 644 1816 quod
662 1734 873 1797 immolamus
890 1734 1032 1797 intende.
1050 1745 1086 1798 ut
1102 1735 1145 1798 ab
1165 1737 1256 1797 omni
1273 1756 1333 1798 nos

136 1830 241 1883 exuat
268 1820 430 1884 bellorum
456 1822 603 1902 nequitia
630 1832 663 1884 et
689 1823 720 1883 in
739 1832 816 1884 tuae
833 1822 1051 1903 protectionis
1067 1823 1242 1885 securitate
1259 1843 1334 1884 con-

135 1908 261 1971 stituat
278 1928 344 1989 per.

648 2028 828 2109 Praefatio.

182 2141 231 2204 (D
259 2151 392 2203 aeterne
422 2141 511 2202 deus
573 2139 639 2222 Qui
669 2140 835 2202 subiectas
865 2139 925 2203 tibi
956 2139 1120 2223 glorificas
1150 2151 1333 2223 potestates

137 2229 267 2310 suscipe
293 2247 473 2309 quesumus
498 2228 662 2309 propitius
683 2247 817 2308 praeces
834 2237 964 2290 nostras
987 2237 1020 2290 et
1044 2229 1128 2291 uires
1144 2229 1231 2291 adde
1247 2230 1334 2310 prin-

136 2315 267 2397 cipibus
290 2315 418 2377 nostris.
444 2323 481 2376 ut
503 2315 559 2395 qui
583 2334 618 2376 se
641 2315 782 2376 dextera
806 2324 864 2376 tua
894 2324 1058 2396 expetunt
1082 2316 1220 2396 protegi.
1244 2315 1334 2377 nulla

139 2402 266 2485 possint
290 2401 491 2464 aduersitate
515 2402 668 2483 superari.
716 2400 865 2464 Fidelem
891 2422 1024 2483 quoque
1051 2402 1211 2484 populum
1239 2412 1333 2464 tuum

138 2490 308 2571 potentiae
321 2499 399 2551 tuae
416 2488 543 2551 muniat
560 2489 674 2551 inuita¹
689 2486 846 2550 defensio,
864 2497 899 2550 ut
912 2489 967 2570 pio
979 2508 1110 2569 semper
1121 2487 1180 2550 tibi
1193 2489 1334 2551 deuotus

139 2574 268 2638 affectu.
294 2585 327 2638 et
354 2575 397 2638 ab
423 2574 551 2637 inlestis
576 2574 732 2638 liberetur
755 2575 903 2637 inimicis.
921 2585 955 2637 et
971 2576 1003 2636 in
1020 2585 1077 2638 tua
1094 2576 1214 2656 iugiter
1229 2576 1335 2655 gratia

139 2674 334 2744 perseueret.
351 2683 409 2743 per
424 2661 590 2725 christum.

591 2798 652 2861 Ad
662 2798 888 2880 corrrplendum.

184 2909 393 2974 Sacrosancti
417 2911 562 2993 corporis
585 2920 618 2973 et
641 2910 812 2991 sanguinis
839 2910 967 2972 domini
995 2912 1098 2973 nostri
1126 2912 1194 2974 iesu
1222 2910 1334 2974 christi

140 2995 317 3062 refectione
342 2998 495 3079 uegetati.
518 2997 684 3080 supplices
703 3007 736 3059 te
758 3017 913 3079 rogamus
931 2998 1143 3079 omnipotens
1167 3000 1257 3061 deus
1276 3000 1333 3062 ad·

138 3104 211 3147 esse
237 3084 382 3167 digneris
409 3084 612 3167 principibus
637 3085 765 3147 nostris.
792 3094 828 3146 ut
854 3104 994 3165 quorum
1022 3085 1082 3148 tibi
1113 3085 1260 3149 subiecta
1284 3096 1334 3149 est

140 3170 317 3234 humilitas.
334 3190 448 3233 eorum
465 3170 587 3251 ubique
603 3170 820 3233 excellentior
837 3172 880 3233 sit
896 3181 1052 3252 potestas.
1066 3192 1130 3253 per.

444 3387 560 3449 M1ssa
585 3386 743 3450 Consua
767 3385 1055 3465 Ortoquasrus.

186 3533 320 3596 Praesta
335 3552 514 3614 quesumus
530 3533 741 3615 omnipotens
761 3534 843 3595 deus
864 3544 900 3597 ut
925 3535 1085 3597 mentium
1105 3530 1337 3616 reproborum†

142 3639 206 3682 non
224 3640 392 3682 curremus
408 3620 588 3701 obloquio,²
603 3622 660 3683 sed
678 3621 795 3682 eadem
815 3622 980 3701 prauitate
998 3620 1125 3683 calcata
1149 3640 1335 3682 exoramus.

142 3716 177 3769 ut
205 3727 264 3769 nec
291 3707 403 3768 terreri
428 3727 487 3768 nos
512 3707 768 3769 lacerationibus
792 3709 927 3788 patiaris
951 3708 1087 3770 iniustis.
1104 3727 1164 3770 nec
1180 3708 1337 3787 captiosis

140 3793 386 3857 adulationibus
412 3793 580 3875 implicari.
606 3795 664 3856 sed
692 3794 803 3876 potius
830 3814 942 3857 amare
968 3815 1054 3876 quae
1084 3795 1255 3876 praecipis.
1279 3815 1337 3875 per

138 3881 320 3944 dominum.

667 4000 805 4066 Secreta.

182 4111 335 4195 (Oblatio
355 4114 491 4177 domine
510 4114 575 4177 tuis
598 4114 787 4195 aspectibus
803 4114 1017 4178 immolanda.
1033 4133 1152 4194 quesu-
1169 4109 1226 4197 [so.
1247 4129 1336 4191 193v.

142 4220 214 4262 mus
229 4211 266 4264 ut
288 4211 322 4264 et
346 4220 406 4264 nos
433 4201 476 4264 ab
499 4201 653 4264 omnibus
670 4201 758 4264 uitiis
774 4212 927 4282 potenter
949 4199 1108 4264 absoluat.
1125 4209 1159 4262 et
1175 4220 1194 4262 a
1210 4201 1337 4263 cunctis

139 4285 296 4352 defendat
312 4288 461 4351 inimicis.
477 4309 536 4370 per
551 4289 732 4351 dominum.

563 4470 570 4502 ¹
589 4474 624 4525 So
636 4474 692 4525 MS.
706 4472 745 4524 lor
755 4476 859 4525 inuicta.

559 4534 570 4568 ²
586 4539 636 4589 For
646 4555 761 4589 curemus
770 4540 918 4605 obloquium.
