3038 5106
457 358 570 411 Missa
593 360 668 411 PRO
688 360 879 415 PLURIBUS
897 360 1037 413 AMICIS.
1316 360 1362 411 261

165 512 248 577 nihil
272 512 337 578 illis
358 513 570 579 aduersitatis
596 523 725 579 noceat.
742 514 823 579 nihil
847 514 1053 580 difficultatis
1079 514 1228 579 obsistat
1243 525 1364 581 cuncta

156 599 316 679 ‚salubria
331 609 452 665 cuncta
467 601 534 665 sint
549 621 713 684 prospera
730 613 764 666 et
780 602 841 665 sub
856 623 919 685 ope
938 603 1098 666 dexterae
1114 612 1191 665 tuae
1205 602 1363 684 quicquid

164 687 253 751 iusto
268 685 495 769 expetiemurl
509 688 673 752 desiderio
688 690 785 753 celeri
802 709 1041 771 consequamur
1058 691 1184 753 effectu.
1201 710 1266 770 per.

696 834 832 899 Secreta.

208 943 344 1008 Exaudi
371 945 507 1008 domine
533 966 668 1029 praeces
698 958 828 1010 nostras
854 957 888 1010 et
913 948 973 1010 iter
1000 946 1198 1009 famulorum
1229 956 1360 1010 tuorum

163 1032 326 1113 propitius
341 1032 501 1095 comitare
523 1043 625 1114 atque
648 1034 906 1096 misericordiam
924 1044 1016 1096 tuam
1033 1035 1079 1096 sic
1096 1032 1219 1115 ubique
1236 1033 1361 1114 largire.

162 1118 320 1199 quatinus
344 1140 364 1181 a
388 1120 516 1181 cunctis
542 1120 798 1184 aduersitatibus
823 1130 856 1184 te
880 1120 1066 1203 opitulante
1089 1119 1224 1183 defensi.
1241 1120 1361 1201 gratia·

163 1224 236 1267 rum
253 1206 312 1269 tibi
330 1207 361 1267 in
379 1206 539 1269 aecclesia
555 1218 612 1269 tua
628 1207 770 1270 referant
785 1211 959 1270 actionem.
976 1227 1035 1290 per
1051 1207 1231 1269 dominum.

662 1354 843 1433 Praefatio.

207 1465 257 1528 ff)
274 1474 406 1528 aeterne
422 1467 512 1529 deus.
528 1466 584 1546 qui
602 1475 800 1548 properante
813 1466 908 1529 iacob
922 1466 983 1528 sub
996 1462 1172 1528 felicitatis¹
1183 1464 1361 1527 commoda

160 1551 280 1614 itinera
295 1553 455 1616 direxisti.
482 1554 605 1635 quique
630 1553 703 1615 uiae
729 1573 861 1616 cursum
884 1550 1025 1635 leoram²
1040 1553 1196 1615 sollicitu·
1213 1551 1268 1633 [so
1290 1553 1359 1632 189.

162 1638 342 1720 dinemque
372 1639 529 1721 dignatus
559 1660 594 1702 es
624 1660 745 1722 gerere.
771 1660 830 1702 nec
864 1660 929 1702 non
955 1649 989 1703 et
1013 1639 1124 1703 tobiae
1148 1638 1272 1701 famulo
1303 1649 1361 1701 tuo

162 1724 318 1807 angelum
362 1736 456 1789 tuum
500 1728 618 1789 ducem
663 1727 833 1809 praeuium
878 1727 1080 1808 praestitisti.
1147 1723 1362 1808 Quapropter

161 1812 439 1894 omnipotentiam
470 1824 563 1876 tuam
601 1813 736 1875 domine
773 1812 941 1876 humiliter
978 1813 1201 1896 imploramus
1240 1824 1276 1875 ut
1315 1814 1362 1876 ita

159 1899 400 1979 profectionem
428 1899 626 1962 famulorum
651 1909 783 1963 tuorum
801 1921 875 1963 cum
893 1921 1027 1963 suorum
1050 1900 1205 1962 omnibus
1220 1900 1361 1980 dirigere

160 2004 284 2069 eosque
301 1986 332 2048 in
350 1987 466 2049 itinere
487 1988 652 2050 custodire
676 1987 831 2069 digneris.
847 1988 1002 2068 quatinus
1018 1987 1211 2069 angelorum
1227 1996 1359 2048 tuorum

160 2073 326 2153 praesidio
357 2072 439 2137 fulti.
470 2075 630 2137 comitatu
662 2094 794 2156 quoque
823 2090 1012 2137 sanctorum
1044 2074 1171 2136 muniti.
1223 2072 1358 2135 Nullum

161 2158 357 2241 periculum
373 2162 481 2242 spatia
497 2173 610 2224 terrae.
627 2171 684 2223 aut
706 2182 764 2242 per
791 2162 868 2242 iuga
885 2161 1046 2224 montium
1065 2170 1207 2241 angusta
1224 2159 1358 2222 uallium

160 2245 314 2328 uadaque
341 2247 521 2311 fluminum.
539 2267 665 2310 uenena
691 2249 892 2330 serpentium
917 2248 968 2309 uel
993 2249 1154 2329 impetum
1179 2247 1358 2308 bestiarum

160 2332 355 2408 incurrunti.
372 2335 430 2396 sed
457 2335 519 2397 sub
544 2344 602 2396 tuo
626 2335 760 2396 nomine
784 2335 828 2397 ab
854 2334 1008 2397 omnibus
1034 2334 1128 2397 malis
1156 2332 1290 2395 defensi.
1316 2333 1358 2394 ad

160 2418 270 2482 locum
308 2420 509 2484 destinatum
548 2423 742 2502 perueniant
780 2431 813 2483 et
850 2430 1015 2503 oportuno
1052 2432 1201 2502 tempore
1240 2420 1358 2481 iteratu

159 2507 301 2589 repetito
327 2508 369 2569 ad
399 2509 531 2590 propria
559 2508 685 2571 reuerti.
710 2518 744 2570 et
768 2507 915 2589 suffragii
943 2508 990 2570 tui
1008 2505 1188 2580 mereatur†
1212 2506 1357 2588 adipisci.

158 2612 218 2675 per
233 2592 400 2657 christum.

607 2714 670 2777 Ad
679 2714 904 2796 complendum.

204 2824 350 2887 Domine
365 2836 479 2888 sancte
504 2836 599 2907 pater
623 2827 835 2909 omnipotens
861 2836 992 2889 aeterne
1017 2826 1098 2889 deus
1116 2826 1172 2907 qui
1189 2845 1224 2887 es
1240 2826 1358 2887 ductor

157 2923 348 2975 sanctorum
380 2923 413 2975 et
444 2913 558 2993 dirigis
590 2913 706 2976 itinera
738 2915 907 2977 iustorum.
937 2913 1042 2994 dirige
1080 2913 1233 2994 angelum
1266 2913 1357 2995 pacis

157 2999 339 3062 nobiscum.
356 3001 411 3080 qui
438 3020 498 3062 nos
522 3000 564 3062 ad
593 3000 665 3062 loca
691 3002 857 3064 destinata
880 3000 1047 3082 perducat.
1070 3001 1112 3062 sit
1137 3000 1231 3062 nobis
1254 3000 1357 3062 comi·

157 3096 248 3149 tatus
273 3086 433 3149 iocundus
458 3096 493 3148 ut
519 3086 627 3149 nullus
652 3088 726 3149 uiae
753 3099 884 3150 nostrae
915 3088 976 3149 iter
1005 3086 1166 3168 subripiat
1196 3086 1356 3148 inimicus.

156 3172 270 3255 procul
288 3194 307 3235 a
323 3174 419 3235 nobis
435 3174 477 3236 sit
494 3175 712 3255 malignorum
730 3194 895 3237 accensus.
911 3185 944 3237 et
961 3194 1070 3236 comes
1091 3173 1186 3236 nobis
1201 3174 1356 3255 dignetur

156 3280 231 3322 esse
242 3260 376 3341 spiritus
392 3271 537 3323 sanctus.
554 3282 612 3343 per
627 3262 799 3324 dominum
818 3271 975 3323 nostrum.

460 3484 576 3547 Mrssn
600 3497 670 3545 nno
696 3486 884 3549 Ptuninus
909 3484 1053 3548 Amicis.

201 3628 338 3690 Praeces
354 3638 483 3690 nostras
499 3649 679 3710 quesumus
694 3631 828 3693 domine
845 3651 972 3693 memor
987 3630 1152 3692 humanae
1168 3627 1354 3710 fragilitatis

153 3714 306 3796 placatus
344 3715 495 3777 admitte.
533 3726 566 3778 et
604 3718 681 3797 quia
726 3717 926 3780 infirmitatis
971 3728 1103 3780 nostrae
1140 3716 1270 3778 conscii.
1309 3714 1351 3775 acl

154 3802 366 3882 impetranda
392 3822 477 3883 quae
504 3803 677 3883 poscimus,
694 3804 736 3866 de
764 3807 955 3867 meritorum
981 3804 1141 3886 qualitate
1164 3802 1351 3865 diffidimus.

152 3889 313 3969 pietatem
342 3901 433 3951 tuam
462 3888 629 3951 humiliter
654 3890 875 3972 imploramus
893 3901 929 3953 ut
957 3891 1191 3954 intercessione
1218 3899 1352 3950 sanctae

152 3975 209 4037 dei
225 3976 400 4056 genetricis
416 3976 546 4038 mariae.
563 3986 819 4057 sanctorumque
841 3978 1005 4061 somnium
1021 3986 1154 4059 aposto-
1171 3972 1227 4060 [lo.
1248 3978 1307 4054 189
1323 3997 1351 4036 v.

153 4062 261 4124 lorum
279 4073 470 4144 martyrum.
480 4083 517 4125 ac
531 4063 765 4127 consessorum.
778 4076 811 4127 et
821 4065 994 4146 uirginum.
1005 4065 1153 4127 omnium
1171 4063 1349 4125 electorum

153 4159 287 4211 tuorum
314 4147 447 4211 famulis
472 4150 537 4212 tuis
568 4149 612 4211 ill.
640 4171 678 4213 ac
704 4150 890 4213 famulabus
918 4153 1079 4234 propitius
1110 4148 1350 4231 indulgentiam

187 4328 293 4383 ¹Perha
328 4336 675 4399 mttashoulrlbeirserted
687 4338 754 4387 here
782 4338 870 4388 SeeG.
882 4340 917 4389 H.
930 4341 1032 4400 Forbes,
1047 4340 1098 4389 rte
1106 4338 1216 4389 Ancum
1224 4340 1352 4403 Liturgies

151 4398 236 4463 tle
248 4398 320 4448 Ga
296 4400 363 4449 lirun
377 4400 487 4461 Ckurcli,
501 4402 669 4463 Burntisland,
683 4402 752 4464 1867.
767 4403 852 4453 Part
836 4419 870 4453 ui
886 4421 910 4469 p.
926 4416 981 4469 315.

158 4398 198 4495 χ’
214 4462 295 4513 Perlm
336 4465 386 4515 this
396 4466 485 4516 should
499 4466 558 4517 read
568 4468 660 4531 quique
698 4484 715 4515 r
724 4469 782 4517 uiae
793 4484 894 4518 cursum
905 4486 1000 4519 citrarii.

185 4528 198 4561 ³
215 4480 340 4595 Probnssly
314 4530 395 4595 lpaer
403 4531 494 4581 should
506 4532 538 4583 be
549 4532 658 4583 inserted
688 4548 737 4583 ere.
