3038 5106
220 358 270 397 200
398 344 524 408 [XVIII]
548 344 633 395 ΚΑΛ
661 344 764 395 SEPT.
791 346 1006 397 ASSIhlIPTIO
1028 346 1056 397 S.
1083 347 1249 398 MARIAE.

169 508 174 517 '
251 537 327 587 xrx.
352 521 444 585 KAL.
468 521 571 588 Sam.
597 521 754 585 Nrrrrr.
777 520 919 587 Saucrr
944 523 1099 587 Eusaan
1124 523 1407 591 Confessoms

264 652 357 715 Deus
372 652 427 733 qui
444 672 505 713 nos
520 651 608 714 beati
625 650 757 715 eusebii.
774 651 970 715 confessoris
982 653 1029 714 tui
1044 672 1155 714 annua
1171 652 1437 735 sollempnitate

219 738 387 802 laetificas.
403 739 548 801 concede
564 740 735 821 propitius.
752 750 789 802 ut
811 742 904 801 cuius
927 739 1081 802 natalicia
1104 739 1257 803 colimus.
1274 761 1343 822 per
1366 742 1438 803 eius

219 828 261 889 ad
278 837 311 890 te
326 826 483 908 exempla
499 826 697 906 gradiamur.
714 846 780 907 per.

753 963 889 1027 Secreta.

264 1075 388 1138 Laudis
403 1086 480 1139 tuae
496 1076 630 1137 domine
646 1075 772 1138 hostias
788 1075 1000 1137 immolamus
1017 1076 1049 1136 in
1065 1084 1198 1138 tuorum
1217 1095 1438 1139 commemo·

219 1163 345 1225 ratione
383 1175 572 1224 sanctorum
611 1163 730 1243 quibus
768 1181 829 1225 nos
866 1173 899 1225 et
937 1162 1167 1243 praesentibus
1205 1164 1290 1224 exui
1336 1164 1439 1226 malis

219 1249 417 1312 confidimus
433 1260 466 1311 et
483 1248 607 1312 suturis.
624 1269 690 1330 per.

736 1384 916 1465 Praefatio.

263 1499 312 1561 (f)
352 1506 484 1560 aeterne
522 1499 611 1560 deus.
659 1497 703 1559 Et
734 1496 944 1559 clementiam
978 1506 1070 1559 tuam
1110 1498 1224 1578 pronis
1257 1501 1441 1563 mentibus

218 1604 358 1647 exorare
373 1595 410 1647 ut
426 1605 484 1666 per
506 1585 594 1646 beati
611 1585 733 1646 eusebii
751 1584 955 1646 confessoris.
980 1585 1252 1647 intercessionem
1279 1587 1441 1649 salutife-

219 1692 288 1733 ram
321 1672 352 1733 in
377 1673 497 1733 nostris
522 1670 687 1733 mentibus
719 1669 828 1732 firmes
851 1671 1073 1733 deuotionem.
1120 1670 1377 1755 Concedasque
1402 1685 1441 1737 ut

218 1760 303 1821 sicut
319 1768 351 1821 te
367 1759 474 1820 solum
491 1759 656 1821 credimus
679 1768 848 1821 auctorem
872 1767 906 1819 et
929 1778 1124 1820 ueneramur
1147 1761 1372 1823 saluatorem.
1389 1764 1440 1824 sic

219 1846 251 1907 in
268 1856 464 1927 perpetuum
481 1845 550 1907 eius
567 1846 754 1908 interuentu
772 1844 954 1908 habeamus
984 1846 1168 1908 adiutorem
1185 1866 1247 1927 per
1262 1847 1438 1912 christum

216 1933 389 1996 dominum
407 1942 563 1994 nostrum.

667 2053 697 2115 A
702 2052 728 2114 d
745 2051 971 2133 corrmlendum.

263 2165 390 2227 Refecti
408 2165 495 2247 cybo
511 2175 657 2246 potuque
673 2164 806 2226 caelesti
822 2165 904 2227 deus
920 2173 1039 2226 noster.
1056 2175 1089 2226 te
1112 2164 1282 2247 supplices
1308 2186 1437 2229 exora·

218 2272 299 2315 mus.
311 2263 347 2314 ut
360 2253 391 2313 in
403 2253 494 2313 cuius
504 2252 585 2314 haec
595 2253 912 2314 commemoratione
922 2252 1139 2334 percepimus,
1150 2254 1221 2314 eius
1233 2256 1438 2318 muniamur

217 2349 250 2402 et
266 2340 445 2422 praecibus.
461 2359 519 2420 per
534 2339 716 2401 dominum.

281 2524 418 2587 Eouuu
445 2525 517 2587 Dru
541 2525 695 2589 Urorum
719 2526 1001 2589 Assulrrrrours
1026 2526 1202 2589 Ssncma
1221 2527 1393 2591 Mnnmu.

263 2657 354 2718 Deus
377 2657 432 2736 qui
457 2656 650 2737 uirginalem
676 2655 794 2717 aulam.
819 2656 936 2717 beatae
961 2657 1082 2718 mariae
1106 2658 1138 2718 in
1162 2677 1228 2737 qua
1252 2657 1434 2721 habitares

219 2744 339 2823 eligere
355 2744 511 2824 dignutus
528 2765 570 2805 es.
587 2743 630 2803 da
646 2763 826 2823 quesumus
842 2753 878 2804 ut
894 2763 954 2804 sua
970 2763 1030 2805 nos
1054 2743 1247 2805 defensione
1271 2747 1433 2809 munitos

221 2832 379 2893 iocundos
397 2830 494 2891 saciat
511 2850 589 2891 suae
605 2830 762 2891 interesse
779 2828 965 2892 lestiuitate.
983 2832 1038 2911 qui
1055 2832 1148 2894 uiuis.

750 2964 887 3028 Secreta.

265 3078 390 3158 Magna
421 3087 469 3138 est
500 3077 635 3138 domine
660 3078 747 3157 apud
786 3077 996 3139 clementiam
1035 3088 1127 3139 tuam
1159 3077 1210 3138 dei
1250 3079 1431 3158 genitricis

221 3166 333 3226 oratio
351 3185 450 3245 quam
469 3165 589 3225 idcirco
605 3164 647 3224 de
673 3166 838 3244 praesenti
854 3163 1001 3246 s'saeculo
1020 3163 1226 3226 transtulisti.
1251 3164 1310 3245 [so.
1333 3182 1432 3244 143v.

222 3262 257 3314 ut
286 3272 348 3400 pro
378 3252 521 3331 peccatis
552 3251 672 3312 nostris
703 3251 792 3331 apud
831 3262 864 3313 te
902 3250 1099 3313 fiducialiter
1137 3251 1332 3314 intercedat.
1366 3274 1430 3334 per

220 3358 282 3400 eun
310 3358 371 3400 em.

666 3453 727 3515 [ld
744 3453 967 3534 rorrzplcndmrr.

266 3567 419 3631 Concede
436 3566 618 3627 misericors
634 3566 715 3626 deus
731 3565 899 3645 fragilitati
924 3575 1054 3627 nostrae
1078 3565 1278 3646 praesidium
1304 3577 1341 3628 ut
1366 3567 1427 3647 qui

221 3664 355 3716 sanctae
379 3654 430 3714 dei
454 3654 620 3733 genitricis
648 3653 792 3733 requiem
827 3651 1058 3715 caelebramus,
1082 3653 1326 3731 intercessionis
1349 3656 1427 3715 eius

220 3741 347 3803 auxilio
394 3762 412 3800 a
453 3741 572 3801 nostris
618 3739 847 3819 iniquitatibus
893 3759 1108 3820 resurgamus.
1154 3760 1212 3819 per
1255 3739 1426 3813 eundem's

221 3829 392 3890 dominum
409 3837 565 3888 nostrum.

349 4028 427 4076 xm.
452 4013 554 4075 ΚΛΗ
581 4012 685 4076 Sum.
710 4012 928 4076 Assunrrro
952 4013 1126 4077 Sriucmu
1151 4013 1313 4074 linunt.

265 4142 465 4206 Ueneranda
481 4142 575 4203 nobis
599 4142 733 4203 domine
755 4141 851 4203 huius
875 4143 940 4205 dici
965 4142 1125 4203 festiuitas
1148 4161 1246 4221 opem
1270 4139 1422 4202 conserat

220 4231 453 4311 sempiternam
471 4230 503 4289 in
520 4248 585 4308 qua
601 4238 716 4289 sancta
731 4227 784 4289 dei
800 4230 944 4309 genitrix
962 4238 1103 4290 mortem
1126 4229 1225 4290 subiit
1250 4238 1420 4308 tempora-

218 4312 291 4378 lem.
310 4336 369 4379 nec
385 4329 497 4378 tamen
514 4315 629 4377 mortis
646 4313 787 4377 nexibus
803 4317 942 4397 deprimi
967 4316 1082 4396 potuit.
1099 4336 1184 4396 quae
1201 4314 1303 4376 filium
1322 4325 1419 4377 tuum

216 4404 388 4466 dominum
407 4413 556 4465 nostrum
572 4402 614 4464 de
630 4421 665 4464 sc
680 4403 795 4483 genuit
812 4403 1026 4465 incarnatum.
1043 4403 1099 4482 qui
1116 4412 1225 4464 tecum
1239 4402 1330 4463 uiuit.

637 4510 644 4543 ¹
662 4518 697 4566 So
709 4516 764 4565 MS.
777 4516 814 4565 lor
824 4517 895 4565 aviii
904 4517 953 4565 lul.
