3038 5106
237 335 283 398 196
354 334 428 385 VIII.
456 334 506 385 ID.
533 334 619 385 Avo.
645 334 732 384 ΝΑΤ.
758 334 805 385 SS.
830 334 1064 386 FELICISSIMI
1083 336 1142 387 ET
1159 336 1325 389 AGAPIYI.

232 505 319 568 quae
334 486 437 548 oculis
452 494 528 548 tuae
539 485 721 549 maiestatis
732 486 764 549 in
777 486 1172 551 eiuscommemoratione
1187 484 1259 571 lde·
1269 486 1328 571 [so.
1343 506 1434 569 140v.

234 573 375 635 serimus
424 572 495 636 eius
535 581 674 654 optentu
714 573 869 635 uitiorum
908 573 1117 655 squaloribus
1153 594 1336 639 careamus.
1375 597 1435 659 per

234 660 391 723 christum
407 660 579 722 dominum
597 671 756 722 nostrum.

684 804 746 867 Ad
756 805 980 886 conplendum.

277 916 410 979 Praesta
426 936 604 998 quesumus
619 917 830 999 omnipotens
845 917 927 981 deus
944 927 979 981 ut
994 918 1084 999 quod
1101 927 1213 981 nostra
1228 921 1438 985 conscientia

232 1022 298 1066 non
314 1005 503 1085 praesumit.
518 1005 588 1065 eius
603 1005 659 1085 qui
675 1003 734 1066 tibi
745 1003 885 1067 fideliter
899 1005 1034 1068 semiuit
1049 1006 1290 1069 interueniente
1306 1008 1438 1072 auxilio

233 1091 388 1172 consequi
406 1110 597 1153 mereamur.
613 1111 672 1173 per
687 1089 868 1153 dominum.

319 1307 395 1355 vut.
432 1291 986 1356 qusAuo.Nat·A1.nSa1tcT1
1012 1291 1130 1356 ertt
1155 1294 1340 1358 Eetscont.

276 1422 367 1485 Deus
383 1422 438 1504 qui
466 1422 629 1503 conspicis
645 1422 722 1503 quia
747 1443 790 1485 ex
816 1421 906 1483 nulla
932 1432 1045 1484 nostra
1062 1424 1183 1485 uirtute
1206 1424 1434 1487 subsistimus.

231 1509 375 1572 concede
407 1510 577 1591 propitius.
608 1519 644 1571 ut
682 1509 917 1571 intercessione
947 1509 1036 1571 beati
1068 1510 1159 1590 syxti
1192 1511 1352 1592 martyris
1385 1511 1435 1574 tui

229 1605 330 1678 atque
346 1595 518 1677 pontificis.
535 1606 649 1658 eontra
672 1597 784 1658 omnia
806 1597 946 1659 aduersa
967 1596 1162 1659 muniamur.
1179 1616 1237 1677 per
1252 1597 1435 1660 dominum

230 1693 387 1745 nostrum.

758 1810 894 1874 Secreta.

272 1921 447 1987 Sacrificiis
471 1923 698 2005 praesentibus
722 1922 857 1985 domine
881 1922 1017 1996 intende
1040 1923 1198 2005 placatus.
1215 1934 1252 1987 ut
1275 1933 1310 1987 et
1326 1926 1432 1987 deuo-

227 2007 335 2084 tione†
350 2019 482 2071 nostrae
498 2009 671 2091 proficiant
688 2020 720 2072 et
736 2010 842 2072 saluti.
859 2029 924 2091 per.

732 2145 912 2225 Praefatio.

270 2258 320 2321 (D
338 2268 470 2320 aeterne
490 2260 579 2321 deus
626 2258 670 2320 Et
694 2260 869 2340 praecipue
897 2260 929 2321 in
955 2259 1009 2321 die
1033 2258 1222 2323 festiuitatis
1242 2258 1427 2323 hodiernae

225 2364 291 2425 qua
316 2344 432 2407 beatus
464 2356 584 2425 syxtus
615 2345 737 2426 pariter
766 2346 919 2408 sacerdos
952 2356 984 2408 et
1012 2356 1138 2427 martyr
1168 2347 1329 2409 deuotum
1363 2349 1424 2411 tibi

225 2433 419 2512 sanguinem
436 2431 626 2494 exultanter
642 2431 767 2494 effudit.
813 2432 878 2514 Qui
903 2432 946 2494 ad
961 2434 1101 2495 eandem
1118 2432 1258 2514 gloriam
1275 2454 1423 2515 promer·

224 2521 344 2581 endam
362 2520 532 2580 doctrinae
547 2538 626 2580 suae
643 2517 726 2581 filios
737 2519 894 2582 incitauit.
941 2521 985 2582 Et
998 2540 1081 2601 quos
1091 2519 1262 2583 erudiebat
1278 2520 1424 2585 hortatu.

224 2606 458 2687 praeueniebat
474 2605 640 2686 exemplo.
656 2625 715 2687 per
734 2606 901 2668 christum.

678 2749 858 2813 Benedictio
875 2772 963 2813 uuae.

268 2864 359 2925 Intra
389 2884 529 2943 quorum
562 2883 621 2923 nos
659 2865 861 2926 consortium
894 2883 958 2925 non
990 2863 1183 2925 aestimator
1213 2866 1328 2927 meriti.
1361 2868 1420 2928 sed

222 2952 338 3012 ueniae
354 2970 533 3030 quesumus
551 2949 686 3031 largitor
702 2950 848 3013 admitte.
867 2971 924 3031 per
939 2951 1111 3012 dominum
1128 2962 1287 3014 nostrum.

783 3094 873 3157 Item.

267 3206 410 3267 Benedic
435 3207 570 3268 domine
593 3216 625 3267 et
650 3206 711 3266 hos
732 3205 855 3268 fructus
881 3227 983 3268 nouos
1007 3226 1091 3268 uuae
1116 3227 1200 3288 quos
1222 3217 1257 3269 tu
1283 3207 1422 3271 domine

222 3314 280 3374 per
296 3313 401 3354 rorem
418 3292 498 3354 caeli
515 3304 548 3355 et
565 3294 794 3354 inundantiam
818 3294 1003 3374 pluuiarum
1028 3304 1060 3355 et
1082 3303 1270 3374 temporum
1297 3298 1422 3357 sereni-

222 3389 290 3442 tate
313 3390 413 3459 atque
435 3379 672 3460 tranquillitate
688 3381 729 3441 ad
745 3381 968 3441 maturitatem
993 3381 1170 3460 perducere
1186 3379 1371 3461 dignatus.†
1387 3394 1424 3444 et

222 3466 343 3528 dedisti
368 3487 407 3527 ea
437 3467 478 3529 ad
511 3486 588 3528 usus
614 3477 743 3528 nostros
770 3487 844 3527 cum
875 3468 1054 3547 gratiarum
1086 3469 1216 3528 actione
1248 3470 1423 3551 percipere

222 3554 254 3614 in
279 3553 412 3614 nominc
428 3554 552 3614 domini
570 3554 672 3614 nostri
691 3554 757 3614 iesu
774 3553 894 3615 christi.
911 3574 1082 3634 perquem
1100 3554 1319 3617 haecomnia.

670 3691 731 3751 Ad
742 3691 967 3771 complendum.

264 3802 414 3883 jPraesta
429 3822 608 3882 quesumus
624 3802 758 3864 domine
774 3804 855 3864 deus
871 3812 989 3864 noster.
1006 3813 1043 3865 ut
1053 3805 1145 3865 cuius
1156 3802 1252 3865 nobis
1269 3802 1328 3885 [sn.
1351 3823 1422 3883 141.

221 3887 400 3950 sestiuitate
416 3890 528 3951 uotiua
544 3899 621 3950 sunt
637 3900 851 3951 sacramenta.
868 3891 937 3952 eius
960 3890 1116 3952 salutaria
1141 3888 1236 3951 nobis
1262 3892 1423 3954 interces-

219 3976 311 4037 sione
328 3975 513 4038 reddantur.
531 3995 589 4056 per
603 3976 775 4038 dominum
794 3988 951 4039 nostrum.

220 4192 357 4255 Eounu
383 4193 454 4256 Dm
480 4193 635 4256 Natant.
659 4193 896 4259 Sanctorum
921 4196 1149 4260 Femctssnu
1174 4208 1221 4258 ut
1244 4194 1419 4258 Asnam

262 4325 354 4386 Deus
376 4323 432 4404 qui
457 4343 518 4385 nos
540 4322 694 4386 concedis
716 4333 905 4386 sanctorum
931 4334 1112 4406 martyrum
1138 4334 1270 4387 tuorum
1297 4322 1421 4386 felicis·

217 4412 291 4473 simi
317 4419 350 4472 et
365 4410 490 4491 agapiti
514 4408 668 4473 natalicia
690 4410 804 4474 colere.
820 4411 865 4474 da
888 4411 984 4476 nobis
1009 4413 1042 4475 in
1069 4420 1204 4475 aeterna
1228 4410 1358 4474 laetitia
1373 4412 1418 4473 de

216 4518 329 4560 eorum
346 4497 505 4560 societate
520 4496 673 4578 gaudere.
685 4516 745 4581 per
757 4496 944 4561 dominum.
