3038 5106
148 358 197 412 314
477 348 589 399 MlssA
612 348 687 399 PRO
707 347 1003 401 SACERDOTIBUS.

149 521 288 565 exorare
314 520 497 583 praesumo.
521 501 599 584 quia
622 510 659 565 tu
683 521 719 565 es
746 500 929 564 inmortalis
952 509 986 564 et
1009 500 1079 564 sine
1094 509 1243 583 peccato.
1257 498 1347 563 solus

150 588 305 651 dominus
330 588 413 651 deus
437 597 557 652 noster.
573 599 609 652 tu
634 609 669 651 es
693 588 886 651 benedictus
910 589 965 669 qui
989 586 1157 651 benedicis
1171 588 1296 650 omnia
1310 596 1345 650 tu

149 694 185 737 es
201 684 335 738 sanctus
349 676 405 757 qui
421 675 607 739 sanctificas
622 675 741 738 omnia
757 674 892 757 indulge
915 674 1010 738 nobis
1032 674 1165 737 famulis
1188 675 1255 737 tuis
1270 675 1348 754 quia

151 772 341 843 peccatores
365 782 479 824 sumus
506 772 540 825 et
570 762 695 845 indigni
726 762 815 843 quod
847 762 1088 844 praesumimus
1118 761 1161 823 ad
1192 770 1346 822 sanctum

150 846 254 911 altare
278 857 372 910 tuum
398 851 550 911 inuocare
574 858 615 912 te.
630 850 708 930 quia
732 849 942 931 peccauimus
964 868 1075 911 coram
1106 858 1147 910 tc.
1173 858 1207 910 et
1235 868 1347 910 coram

151 935 278 1015 angelis
311 936 376 997 tuis
406 937 513 998 tribue
544 937 640 999 nobis
677 934 916 1017 indulgentiam
958 935 1106 997 omnium
1148 935 1347 998 delictorum

152 1032 349 1084 nostrorum.
380 1042 440 1103 per
474 1023 591 1085 merita
621 1033 654 1085 et
685 1023 952 1084 intercessionem
985 1022 1168 1085 beatissimi
1203 1020 1348 1103 apostoli

150 1105 213 1190 ltui
240 1110 322 1189 petri
348 1118 382 1171 et
402 1108 444 1170 da
469 1109 563 1173 nobis
578 1110 685 1171 iacere
700 1109 906 1172 uoluntatem
918 1118 1019 1171 tuam.
1036 1118 1072 1170 ut
1087 1119 1164 1171 tuae
1179 1106 1237 1190 [lo
1254 1107 1348 1171 226v.

152 1196 367 1278 inspiratione
393 1197 579 1278 conpuncti.
605 1196 706 1259 libera
729 1196 789 1258 tibi
818 1206 929 1257 mente
956 1195 1160 1258 famulemur.
1190 1194 1348 1257 omnibus

151 1282 268 1344 diebus
284 1283 373 1345 uitae
389 1292 520 1345 nostrae
537 1294 572 1346 ut
588 1284 764 1365 participes
781 1292 933 1345 aeternae
950 1284 1038 1345 uitae
1053 1282 1136 1344 effici
1154 1301 1348 1345 mereamur.

150 1389 209 1452 per
224 1370 404 1432 dominum.

517 1506 624 1570 Lectio
646 1506 797 1569 ltr'ercmr'e
804 1506 984 1588 prophetae.

197 1633 338 1715 Respice
362 1635 496 1697 domine
520 1636 561 1698 dc
584 1637 686 1698 domo
709 1644 824 1697 sancta
847 1645 904 1698 tua
920 1636 952 1696 in
970 1656 1030 1697 nos
1046 1645 1078 1698 et
1095 1634 1217 1696 inclina
1232 1652 1347 1696 aurem

150 1729 242 1782 tuam
259 1731 292 1783 et
308 1723 392 1783 audi.
439 1722 542 1803 Aperi
566 1722 678 1785 oculos
703 1732 777 1785 tuos
802 1732 835 1785 et
859 1723 943 1784 uide.
961 1723 1038 1803 quia
1063 1742 1127 1784 non
1153 1722 1275 1783 mortui
1291 1720 1347 1801 qui

149 1816 225 1868 sunt
242 1808 274 1868 in
291 1808 419 1870 inferno
434 1830 572 1889 quorum
590 1810 722 1890 spiritus
737 1819 891 1891 acceptus
915 1819 964 1871 est
988 1829 1006 1870 a
1030 1808 1208 1870 uisceribus
1233 1827 1348 1869 eorum

151 1893 278 1957 dabunt
302 1895 461 1957 honorem
486 1905 520 1958 et
547 1895 811 1959 iustificationem
836 1896 979 1958 domine.
1026 1896 1092 1959 Sed
1119 1896 1232 1957 anima
1262 1914 1349 1975 quae

152 1981 254 2042 tristis
271 1991 328 2043 est.
344 2002 443 2064 super
460 1981 716 2063 magnitudinel
731 1993 763 2045 et
787 1984 909 2045 incedit
933 1981 1085 2056 curuaml
1099 1992 1133 2044 et
1150 1981 1297 2044 infirmis
1314 1990 1348 2043 et

150 2067 236 2129 oculi
261 2067 450 2130 deficientes
475 2071 586 2131 anima
610 2070 763 2131 esuriens,
787 2070 846 2132 dat
869 2069 928 2133 tibi
956 2070 1094 2149 gloriam
1119 2080 1153 2132 et
1178 2069 1348 2130 iustitiam.

152 2152 198 2216 Et
214 2174 300 2215 nunc
323 2156 457 2217 domine
473 2157 584 2218 anima
601 2157 632 2217 in
649 2156 808 2237 angustiis
824 2166 857 2218 et
873 2157 1005 2237 spiritus
1021 2156 1142 2217 anxius
1164 2155 1289 2218 clamat
1304 2154 1346 2216 ad

153 2250 193 2303 te.
211 2242 288 2303 audi
305 2251 338 2304 et
355 2243 514 2305 miserere.
531 2243 609 2323 quia
625 2254 659 2305 tu
677 2263 711 2304 es
728 2243 809 2305 deus
827 2244 999 2304 miserator
1013 2253 1046 2305 ct
1063 2243 1255 2304 misericors.
1302 2240 1347 2303 Et

151 2328 304 2390 miserere
320 2330 422 2391 nostri
438 2331 514 2410 quia
530 2331 740 2411 peccauimus
755 2329 814 2392 tibi
831 2330 965 2391 domine
981 2331 1062 2391 deus
1078 2338 1197 2391 noster.

196 2426 281 2491 RG.¹
306 2428 469 2510 Propitius
496 2439 568 2491 esto
592 2429 727 2491 domine
750 2430 895 2510 peccatis
923 2430 1041 2490 nostris
1065 2438 1200 2510 propter
1224 2446 1345 2489 nomen

152 2524 244 2578 tuum
263 2536 304 2576 ne
319 2517 454 2596 quando
469 2516 582 2578 dicant
597 2526 712 2596 gentes
736 2516 792 2578 ubi
815 2525 865 2577 est
888 2516 968 2578 deus
985 2536 1107 2577 eorum.
1153 2513 1186 2591 ll
1210 2514 1347 2577 Adiuua

152 2622 212 2664 nos
229 2603 309 2663 deus
326 2603 476 2664 salutaris
494 2612 605 2665 noster
620 2613 653 2665 et
669 2612 804 2685 propter
818 2602 977 2664 honorem
989 2602 1131 2664 nominis
1148 2603 1195 2663 tui
1212 2601 1348 2663 domine

150 2688 252 2751 libera
269 2709 336 2750 nos.

194 2776 348 2838 Alleluia.
373 2776 523 2839 Ostende
540 2777 635 2838 nobis
647 2776 781 2838 domine
799 2776 1055 2838 misericordiam
1084 2785 1175 2837 tuam
1203 2785 1236 2837 ct
1261 2775 1349 2838 salu·

151 2871 222 2925 tare
238 2872 330 2925 tuum
347 2864 390 2924 da
408 2864 512 2925 nobis.

200 2950 342 3011 Tractus.
369 2950 513 3011 Domine
536 2971 601 3011 nou
627 2951 807 3012 secuudum
828 2960 963 3031 peccata
981 2959 1093 3010 nostra
1108 2969 1193 3029 quae
1210 2949 1349 3011 fecimus

151 3056 212 3098 nos
226 3057 332 3116 neque
348 3039 528 3098 secundum
546 3038 734 3117 iniquitates
751 3047 879 3098 nostras
896 3033 1068 3110 retribuet†
1085 3036 1185 3097 nobis

194 3121 237 3199 ll.
262 3123 407 3184 Domine
425 3144 465 3185 nc
482 3125 668 3184 memineris
693 3124 901 3203 iniquitatum
929 3133 1112 3184 nostrarum
1136 3123 1347 3202 antiquarum

152 3210 218 3271 cito
234 3211 416 3290 anticipent
432 3231 492 3270 nos
509 3211 750 3272 misericordiae
766 3219 842 3272 tuae
865 3211 942 3290 quia
966 3231 1126 3291 pauperes
1139 3209 1215 3270 facti
1233 3229 1348 3272 sumus

152 3297 256 3357 nimis
303 3294 343 3373 ll.
369 3296 504 3357 Adiuua
519 3317 579 3357 nos
596 3297 677 3358 deus
700 3297 852 3358 salutaris
875 3308 986 3358 noster
1001 3308 1034 3358 ct
1051 3306 1185 3377 propter
1208 3296 1345 3376 gloriam

151 3384 294 3444 nominis
310 3383 356 3444 tui
373 3383 508 3444 domine
530 3384 632 3445 libera
660 3404 719 3444 nos
744 3393 777 3446 et
804 3385 964 3466 propitius
981 3393 1052 3446 esto
1068 3384 1212 3464 peccatis
1229 3383 1349 3444 nostris

152 3480 287 3552 propter
301 3490 423 3531 nomen
439 3481 542 3532 tuum.

585 3606 767 3669 Secmzdum
787 3608 901 3669 lucam.

197 3731 235 3792 ln
254 3731 294 3791 ill.
342 3731 438 3792 Dixit
462 3731 546 3792 iesus
572 3732 740 3813 discipulis
765 3733 839 3792 suis.
865 3750 924 3791 uos
952 3741 1062 3792 autem
1089 3731 1168 3792 estis
1191 3729 1247 3809 qui
1276 3749 1349 3810 per·

153 3818 319 3879 mansistis
346 3838 474 3879 mecum
501 3818 532 3878 in
559 3818 846 3901 tempstationibus
878 3819 967 3879 meis.
1028 3818 1072 3879 Et
1101 3837 1164 3897 ego
1196 3815 1251 3897 [fo.
1277 3832 1347 3894 227.

152 3905 294 3986 dispono
311 3904 404 3967 uobis
421 3906 504 3966 sicut
521 3906 683 3986 disposuit
696 3905 775 3967 mihi
792 3914 885 3986 pater
902 3925 993 3966 meus
1011 3924 1156 3985 regnum.
1173 3913 1208 3965 ut
1221 3903 1348 3965 aedatis

153 4000 186 4053 et
202 3991 321 4054 bibatis
338 4012 436 4072 super
452 4011 600 4052 mensam
618 4012 726 4053 meam
743 3993 775 4052 in
793 4012 893 4072 regno
918 4012 1000 4053 meo,
1025 4001 1058 4052 ct
1085 3991 1227 4051 sedeatis
1251 4009 1351 4070 super

152 4077 288 4141 thronos
305 4080 486 4140 iudicantes
502 4078 677 4140 duodecim
694 4079 797 4140 tribus
822 4078 948 4141 israhel.
994 4078 1053 4140 Ait
1068 4087 1177 4139 autem
1195 4077 1351 4138 dominus

155 4167 284 4246 Symon
301 4186 429 4246 symon.
445 4185 521 4226 ecce
537 4174 669 4227 satanas
693 4167 855 4246 expetiuit
871 4186 930 4227 uos
947 4176 983 4227 ut
998 4164 1153 4227 cribraret
1169 4165 1253 4225 sicut
1269 4163 1351 4225 triti-

154 4272 239 4314 cum.
287 4253 362 4333 Ego
377 4261 487 4314 autem
505 4253 618 4332 rogaui
634 4273 693 4333 pro
709 4263 750 4314 tc.
766 4263 802 4314 ut
818 4272 883 4314 non
900 4252 1031 4316 deficiat
1048 4251 1128 4314 fides
1144 4261 1209 4313 tua.
1254 4252 1300 4314 Et
1315 4261 1352 4312 tu

154 4338 332 4421 aliquando
348 4359 526 4401 conuersus
541 4337 699 4401 confirma
714 4338 829 4401 fratres
845 4350 927 4402 tuos.

500 4508 509 4541 ¹
528 4511 567 4572 Cf.
581 4511 624 4561 iol.
639 4524 711 4562 arar.
723 4512 758 4576 (p.
774 4520 831 4576 295,
843 4514 939 4577 supra).
