3038 5106
516 352 569 401 NA
575 352 673 401 TALE
696 353 723 401 S.
752 352 998 402 EADWEARDI.

666 476 847 586 Praefatae.

199 614 248 677 (D
264 624 398 677 aeterne
421 615 511 677 deus.
558 614 624 696 Qui
648 628 783 680 sanctos
805 628 882 680 tuos
905 637 1037 699 semper
1060 617 1294 680 misericordial
1324 626 1359 680 et

154 700 363 782 subsequeris
378 702 435 783 qui
451 702 592 766 electum
610 703 858 767 eaduueardum
876 704 1132 766 misericorditer
1154 705 1355 786 praeuenisti

154 807 229 849 cum
246 788 346 870 regali
371 787 515 851 culmine
538 799 628 851 caste
651 811 687 852 se
709 800 824 870 ageret
847 801 881 854 et
897 791 1077 853 clementer
1092 790 1288 853 subsecutus
1311 811 1357 852 esr

153 893 228 935 cum
253 875 445 937 innocenter
474 886 652 938 necaretur.
695 877 804 959 Quem
830 878 873 940 ab
894 878 1004 959 impiis
1028 878 1193 959 priuatum
1224 888 1356 959 sceptro

153 970 283 1023 terreno
306 962 380 1043 pius
398 962 512 1025 ditasti
528 963 671 1026 caelesti.
687 965 779 1026 cuius
795 965 983 1028 interuentu
1000 965 1167 1046 poscimus
1190 973 1226 1027 ut
1249 964 1357 1026 dones

152 1047 248 1110 nobis
264 1058 393 1111 terrena
404 1049 573 1131 despicere
589 1060 622 1113 et
634 1070 746 1113 amare
761 1051 924 1116 caelestia.
941 1071 999 1134 per
1011 1051 1180 1115 christum.

606 1178 669 1241 Ad
679 1179 904 1260 corrutlendnm.

197 1287 337 1351 Purifica
352 1309 412 1351 nos
428 1289 563 1352 domine
578 1309 759 1372 quesumus
774 1300 910 1372 sumpto
934 1291 1091 1372 mysterio
1115 1291 1356 1353 interueniente

153 1375 252 1474 beato
282 1376 493 1440 eaduueardo
524 1387 669 1458 martyre
692 1387 751 1441 tuo
777 1388 812 1441 et
835 1377 885 1441 fac
910 1398 971 1455 nos
1002 1377 1061 1441 tibi
1092 1379 1220 1440 sincera
1243 1387 1356 1440 mente

151 1482 282 1525 seruire.
298 1483 364 1544 per.

707 1563 799 1627 Alia.

198 1673 289 1735 Deus
313 1674 368 1755 qui
393 1673 481 1737 beati
505 1676 705 1738 eaduueardi
729 1676 884 1757 martyris
908 1676 955 1739 tui
978 1675 1109 1739 meritis.
1127 1675 1268 1737 mederis
1284 1674 1355 1736 lan·

152 1761 324 1842 guentium
351 1762 468 1824 turmis
496 1762 565 1824 eius
593 1772 749 1843 praeeatu
777 1782 957 1844 quesumus
983 1773 1114 1826 nostras
1134 1763 1357 1825 conscientias

151 1868 171 1910 a
188 1848 290 1909 noxia
305 1847 488 1911 ualitudine
504 1869 620 1912 sanare
635 1850 782 1931 dignare.
799 1870 858 1930 per
872 1850 1046 1913 dominum
1063 1859 1222 1913 nostrum.

652 2024 747 2086 iren
764 2038 862 2087 sitin.

196 2159 289 2223 Deus
311 2169 443 2223 aeterne
467 2159 689 2242 triumphator
719 2161 856 2242 imperii.
890 2161 1048 2224 familiam
1072 2170 1164 2223 tuam
1189 2160 1354 2241 propitius

152 2248 278 2328 respice
301 2249 495 2328 martyrium
520 2250 605 2330 regis
629 2248 852 2311 celebrantem
876 2247 1085 2312 eaduueardi.
1109 2257 1142 2310 et
1166 2254 1297 2328 praesta
1316 2257 1353 2309 ut

151 2335 236 2396 sicut
268 2355 404 2396 munere
434 2335 525 2397 illum
557 2334 742 2415 glorificare
773 2336 920 2417 dignaris
951 2334 1098 2397 caelestis
1124 2335 1173 2396 ita·
1192 2354 1252 2396 nos
1282 2334 1355 2395 eius

150 2419 291 2484 obtentu
314 2430 448 2483 aeterne
464 2422 612 2484 felicitati
630 2421 732 2484 facias
748 2422 927 2504 dignanter
941 2420 1093 2484 adscribi.
1110 2440 1176 2502 per.

684 2551 821 2615 Secreta.

195 2659 344 2744 llntuere
360 2681 540 2742 quesumus
563 2672 696 2725 aeterne
711 2663 793 2726 deus
817 2663 858 2725 ad
876 2672 1008 2724 nostrae
1030 2660 1227 2724 humilitatis
1251 2658 1306 2742 [fo.
1325 2676 1355 2722 2.

150 2748 304 2811 hostiam.
317 2747 386 2810 ubi²
398 2750 430 2810 in
447 2749 572 2811 honore
588 2751 635 2812 tui
653 2751 807 2832 martyris
822 2770 861 2812 ac
877 2750 963 2830 regis
978 2748 1178 2811 eaduueardi
1194 2747 1352 2810 oblatam.

151 2855 249 2917 quem
285 2834 343 2898 tibi
378 2856 506 2897 sacram
537 2836 740 2899 oblationem
772 2836 914 2899 mirabili
944 2835 1193 2916 dispensatione
1223 2833 1351 2895 efficere

151 2921 292 2985 uoluisti.
309 2932 342 2983 et
357 2923 503 2985 concede
519 2924 614 2985 nobis
631 2924 718 2985 illius
734 2923 906 3005 praecibus
919 2923 966 2985 ita
982 2923 1175 2984 innocenter
1190 2921 1349 2983 uiuerent

151 3009 193 3071 ad
206 3018 340 3071 aeterna
357 3030 544 3072 mereamur
559 3010 681 3091 gaudia
697 3010 876 3092 peruenire.
894 3029 953 3092 per
968 3009 1149 3072 dominum.

656 3138 838 3217 Praefatio.

194 3250 243 3313 ff)
260 3259 393 3312 aeterne
416 3250 506 3312 deus.
553 3250 619 3333 Qui
635 3271 670 3312 es
691 3251 841 3312 omnium
865 3268 988 3312 corona
1012 3256 1202 3310 sanctorum
1226 3247 1349 3328 quique

150 3336 304 3398 concedis
320 3336 534 3418 triumphum.
551 3348 583 3399 et
600 3336 819 3418 inseparabile
830 3336 1013 3399 diuinitatis
1026 3345 1206 3417 perpetuae
1222 3333 1351 3414 largiris

150 3424 361 3485 consortium.
372 3444 568 3505 semperque
581 3424 784 3486 admirandis
794 3424 953 3486 uirtutum
965 3422 1148 3503 praeconiis
1165 3430 1348 3500 martyrum

151 3522 283 3572 tuorum
295 3512 412 3572 merita
424 3512 641 3592 prosequeris.
654 3511 775 3572 nostris
791 3528 924 3591 quoque
939 3518 997 3571 tua
1012 3507 1179 3589 magnalia
1197 3507 1350 3569 manifes-

152 3610 226 3658 tans
237 3596 449 3678 temporibus.
482 3597 583 3661 Unde
595 3608 688 3660 tuam
701 3595 902 3658 ineffabilem
913 3597 1126 3677 exposcimus
1138 3595 1348 3658 diuinitatem

150 3693 186 3753 ut
202 3684 258 3765 qui
275 3684 408 3745 beatum
427 3695 606 3765 martyrem
630 3695 724 3746 tuum
748 3703 786 3746 ac
808 3703 919 3765 regem
943 3683 1189 3745 eaduueardum
1214 3700 1351 3742 munere

152 3770 299 3850 martyrii
331 3771 503 3851 insigniter
524 3772 697 3832 coronasti.
722 3791 782 3831 nos
805 3771 876 3832 eius
906 3770 1139 3831 intercessione
1162 3788 1182 3830 a
1205 3768 1349 3848 peccatis

151 3857 304 3919 omnibus
322 3857 422 3919 facias
437 3857 573 3920 absolui.
591 3867 624 3920 et
640 3858 836 3920 caelestibus
859 3857 990 3939 gaudiis
1013 3865 1182 3937 gratanter
1203 3853 1348 3935 adiungi.

150 3965 208 4026 per
223 3943 391 4007 christum.

595 4046 658 4109 Ad
668 4045 893 4129 corrrplendurrr.

194 4159 319 4223 Sancta
331 4168 388 4221 tua
405 4178 464 4219 nos
480 4158 615 4221 domine
630 4169 764 4241 sumpta
780 4157 954 4240 purificent
969 4166 1002 4220 et
1015 4156 1114 4220 beato
1130 4165 1274 4235 martyre
1290 4164 1349 4216 tuo

151 4268 189 4308 ac
207 4266 283 4327 rege
298 4247 510 4308 eaduueardo
525 4247 760 4308 intercedente.
777 4246 819 4309 ad
839 4255 1018 4327 perpetuae
1034 4242 1249 4307 beatitudinis
1272 4262 1352 4304 con-

148 4335 289 4396 sortium
302 4334 493 4415 perducant.
510 4353 569 4415 per
583 4334 765 4396 dominum.

377 4441 385 4474 ¹
403 4444 528 4508 Probably
534 4446 671 4508 praeuenis
682 4444 772 4493 should
783 4444 814 4493 be
826 4442 933 4493 inserted
945 4443 1012 4493 lrere.

375 4506 386 4539 ²
402 4510 438 4560 Su
450 4510 506 4559 MS.
520 4510 642 4574 probably
653 4510 691 4559 for
701 4510 755 4558 ribi.
