3038 5106
385 346 440 396 III.
472 345 559 397 NON.
593 346 668 397 IAN.
700 346 785 396 NAT.
816 350 843 396 S.
877 346 1114 397 GENOGEFAE.
1307 360 1352 410 149

601 523 663 585 Ad
673 523 897 604 couplendum.

196 632 321 697 Uotiua
358 634 493 697 domine
525 636 615 699 dona
653 636 869 718 percepimus.
903 655 988 717 quae
1025 645 1215 697 sanctorum
1253 635 1349 698 nobis

150 720 324 802 praecibus
340 730 373 783 et
389 722 571 803 praesentis
587 742 767 804 quesumus
783 723 872 786 uitae
888 723 1010 806 pariter
1025 731 1058 784 et
1074 731 1228 785 aeternae
1243 721 1349 785 tribue

149 805 298 870 conferre
314 807 507 872 subsidium.
524 828 583 891 per
604 810 787 873 dominum.

626 961 688 1024 Ad
699 972 872 1043 uesperum.

197 1070 289 1133 Deus
324 1073 381 1155 qui
421 1072 497 1136 iicet
534 1074 579 1136 sis
615 1094 756 1155 magnus
797 1074 828 1135 in
868 1074 996 1155 magnis
1039 1071 1202 1136 mirabilia
1235 1082 1346 1134 tamen

149 1156 313 1239 gloriosus
347 1160 493 1241 operaris
526 1161 557 1222 in
589 1162 742 1223 minimis.
775 1161 819 1223 da
846 1161 940 1224 nobis
964 1179 1144 1242 quesumus
1177 1161 1208 1220 in
1233 1179 1346 1221 eorum

149 1245 343 1308 celebritate
372 1249 526 1327 gaudere.
551 1249 607 1329 qui
642 1247 710 1310 filio
732 1257 791 1310 tuo
814 1248 951 1310 domino
974 1256 1088 1310 nostro
1120 1246 1345 1310 testimonium

150 1332 373 1413 praebuerunt
389 1334 490 1397 etiam
507 1354 574 1397 non
591 1334 774 1416 loquentes.
789 1354 847 1416 per
862 1335 1013 1398 eundern.

249 1560 284 1611 11.
303 1547 396 1610 KAL.
416 1547 493 1609 lun,
512 1546 668 1610 Nnrma
692 1546 833 1611 Snucrr
851 1546 1052 1611 Suuesrru
1078 1547 1259 1611 Errscorr.

196 1676 250 1738 Da
273 1696 454 1757 quesumus
476 1677 689 1758 omnipotens
712 1678 794 1740 deus
817 1687 854 1739 ut
876 1678 965 1739 beati
988 1677 1130 1738 siluestri
1153 1676 1348 1739 confessoris

149 1764 198 1826 tui
215 1774 315 1844 atque
331 1763 496 1845 pontificis
513 1763 702 1826 ueneranda
718 1763 956 1845 sollempnitas.
974 1773 1007 1826 et
1021 1764 1235 1827 deuotionem
1252 1763 1348 1826 nobis

149 1860 272 1933 augeat
287 1860 321 1913 et
337 1849 488 1914 salutem.
503 1869 568 1932 per.

682 1990 819 2053 Secreta.

195 2102 309 2167 Sancti
334 2103 380 2165 tui
405 2121 465 2164 nos
487 2121 668 2184 quesumus
691 2102 827 2165 domine
850 2102 972 2184 ubique
997 2099 1183 2165 laetificent.
1208 2110 1244 2164 ut
1267 2102 1347 2165 dum

150 2210 266 2253 eorum
285 2190 401 2251 merita
418 2189 600 2253 recolimus.
616 2186 818 2271 patrocinio†
834 2190 1024 2252 sentiamus.
1042 2208 1110 2270 per.

605 2340 667 2403 Ad
676 2338 903 2420 conpilendum.

198 2453 331 2515 Praesta
346 2472 527 2533 quesumus
543 2453 755 2535 omnipotens
771 2453 852 2516 deus
869 2462 905 2514 ut
920 2452 962 2514 de
978 2450 1141 2533 perceptis
1159 2448 1349 2511 muneribus

149 2540 275 2624 gratias
290 2538 496 2601 exhibentes.
514 2539 674 2602 beneficia
689 2540 819 2622 potiora
835 2558 1013 2602 sumamus.
1030 2558 1088 2619 per
1103 2538 1284 2600 dominum.

195 2789 249 2838 111.
273 2774 369 2838 Nou.
389 2772 834 2837 IAN.NATALESANC'1·AE
859 2772 1092 2836 Guuouumss
1118 2770 1303 2834 Urncrn'rs.

194 2904 319 2967 Beatae
341 2900 525 2985 genouesae
548 2900 744 2983 nata[licia]l
768 2902 904 2965 domine
927 2920 1106 2984 quesumus
1130 2896 1268 2961 ecclesia
1291 2905 1347 2958 tua

148 2992 274 3057 deuota
296 2990 461 3072 suscipiat
485 2998 519 3052 et
542 2987 600 3052 fiat
623 3009 765 3070 magnae
791 2989 1039 3071 glorificationis
1062 3006 1174 3049 amore
1197 2984 1348 3047 deuotior

148 3087 184 3143 et
199 3088 313 3141 tantae
329 3076 405 3140 fidei
422 3075 574 3158 proficiat
589 3076 754 3157 exemplo.
771 3097 837 3159 per.

682 3214 818 3278 Secreta.

194 3326 520 3392 Offerimusdomine
529 3348 664 3409 praeces
674 3337 707 3390 et
719 3347 856 3391 munera
868 3328 900 3389 in
912 3327 1037 3391 honore
1047 3323 1196 3409 [sanctae
1207 3322 1261 3405 [lo.
1278 3335 1347 3399 107.

148 3414 332 3498 genouefae
348 3415 539 3497 gaudentes.
556 3424 688 3496 praesta
704 3434 882 3496 quesumus
899 3426 935 3477 ut
953 3424 986 3477 et
1007 3413 1242 3476 conuenienter
1265 3408 1346 3470 haec

147 3521 256 3583 agere.
272 3512 306 3565 et
322 3502 503 3565 remedium
519 3502 758 3583 sempiternum
775 3499 945 3564 ualeamus
961 3500 1141 3582 adquirere.
1157 3518 1222 3582 per.

658 3654 838 3733 Praefatio.

193 3766 243 3829 (D
266 3775 400 3828 aeterne
414 3766 505 3828 deus.
552 3764 674 3829 Beatae
690 3766 872 3847 genouelae
888 3766 1042 3829 natalicia
1065 3764 1253 3826 recolentes.
1269 3780 1346 3822 uere

146 3854 238 3915 enim
268 3852 365 3916 huius
387 3852 601 3916 honorandus
624 3863 675 3915 est
697 3853 776 3915 dies.
800 3873 886 3935 quae
909 3855 955 3915 sic
978 3863 1108 3916 terrena
1134 3847 1346 3932 generatione

149 3940 310 4021 processit
325 3949 362 4002 ut
377 3941 420 4003 ad
435 3938 622 4003 diuinitatis
637 3937 822 4013 consortiol
837 3941 1031 4023 perueniret.
1049 3959 1106 4020 per
1122 3936 1287 4000 christum.

596 4083 659 4146 Ad
669 4083 894 4165 corripiendum.

195 4194 368 4258 Adiuuent
383 4215 443 4258 nos
458 4215 638 4277 quesumus
655 4197 789 4258 domine
805 4206 838 4259 et
854 4195 935 4259 haec
952 4194 1110 4276 mysteria
1125 4202 1240 4255 sancta
1262 4210 1347 4272 quae

149 4282 361 4363 sumpsimus.
399 4294 433 4345 et
463 4281 581 4346 beatae
616 4284 800 4364 genouelae
838 4283 1028 4346 intercessio
1061 4279 1258 4344 ueneranda.
1289 4297 1347 4359 per

150 4369 325 4433 dominum
342 4380 500 4433 nostrum.

315 4518 323 4552 ¹
342 4522 400 4573 Part
412 4521 441 4572 ol
449 4522 500 4573 this
510 4522 580 4572 word
591 4522 612 4571 is
623 4522 729 4572 omitted
740 4531 766 4572 at
778 4522 820 4573 the
831 4523 881 4573 end
892 4521 921 4573 ol
929 4538 944 4571 u
956 4522 1006 4572 line
1017 4522 1043 4571 in
1055 4521 1098 4571 the
1110 4520 1166 4571 MS.
