3038 5106
501 350 644 405 werlo
665 351 922 405 smmum

152 502 279 569 Sancta
292 503 477 571 scolastica

151 590 278 657 Sancta
293 592 423 675 agatha

152 676 279 743 Sancta
293 696 410 761 agnes·

152 762 278 829 Sancta
293 766 435 831 caecilia

152 850 277 917 Sancta
293 851 386 916 lucia

152 937 277 1004 Sancta
292 939 429 1022 brigida

152 1024 278 1091 Sancta
294 1025 504 1110 aetheldryth

152 1112 277 1177 Sancta
292 1111 448 1177 sexburh.

153 1198 278 1265 Sancta
293 1200 459 1264 uuitburh.

150 1284 292 1368 lSancta
306 1287 521 1351 eormenhild.
1140 1289 1196 1373 [so.
1213 1292 1309 1355 208v.

152 1371 278 1437 Sancta
293 1374 490 1456 petronylla.

153 1460 279 1525 Sancta
294 1460 499 1543 cynesuuith.

153 1544 278 1611 Sancta
293 1546 471 1630 cyneburh.

153 1632 278 1699 Sancta
293 1634 406 1699 timba.

152 1720 281 1785 Omnes
295 1732 410 1785 sancte
425 1721 578 1803 uirgines.

153 1807 281 1872 Omnes
296 1809 402 1872 sancti
418 1819 511 1872 orate
525 1830 586 1891 pro
602 1808 667 1873 illo.

154 1894 320 1978 Propitius
336 1906 409 1959 esto
424 1915 522 1978 parce
537 1896 566 1959 ei
583 1896 727 1959 domine.

90 2014 97 2023 ·
154 1980 322 2063 Propitius
338 1993 409 2046 esto
424 1983 548 2046 exaudi
565 2002 641 2046 eum
657 1983 800 2046 domine.

154 2067 320 2151 Propitius
335 2079 408 2132 esto
423 2070 525 2133 libera
540 2089 616 2133 eum
632 2071 776 2134 domine.

154 2152 212 2217 Ab
227 2157 317 2219 omni
334 2156 423 2219 malo
439 2157 541 2220 libera
556 2176 633 2220 eum
648 2157 791 2220 domine.

155 2240 214 2305 Ab
229 2243 356 2305 insidiis
371 2242 495 2307 diaboli
512 2243 616 2306 libera
631 2264 718 2307 eum.
1058 2302 1061 2309 .

155 2327 187 2392 A
204 2328 315 2392 subito
330 2339 365 2394 et
379 2330 422 2393 ab
437 2341 572 2394 aeterna
587 2340 695 2394 morte
711 2330 813 2394 libera
829 2350 904 2394 eum
921 2330 1064 2394 domine.

156 2415 218 2479 Per
232 2436 362 2479 crucem
380 2428 413 2480 et
428 2418 617 2498 passionem
634 2427 726 2481 tuam
744 2417 847 2481 libera
862 2437 938 2480 eum
954 2418 1097 2480 domine.

157 2502 218 2564 Per
232 2513 382 2593 panetam
399 2501 449 2578 et†
464 2504 735 2567 resurrectionem
751 2515 843 2568 tuam
860 2503 963 2566 libera
978 2524 1054 2567 eum
1071 2505 1213 2569 domine.

156 2588 219 2651 Per
233 2589 412 2672 gloriosam
427 2592 656 2655 ascensionem
672 2601 765 2654 tuam
781 2590 885 2654 libera
899 2610 976 2653 eum
992 2590 1137 2654 domine.

157 2676 219 2738 Per
233 2677 375 2759 gratiam
391 2678 497 2741 sancti
513 2679 648 2760 spiritus
663 2677 824 2760 paraclyti
841 2678 943 2740 libera
958 2697 1033 2740 eum
1050 2678 1187 2741 domine

157 2762 350 2826 Peccatores
366 2774 399 2827 te
416 2785 570 2847 rogamus
586 2766 671 2828 audi.

157 2848 206 2913 Ut
222 2870 338 2932 pacem
355 2852 385 2914 ei
401 2853 505 2915 dones
521 2863 555 2916 te
570 2872 733 2934 rogamus.

156 2934 207 3000 Ut
221 2938 447 3001 remissionem
463 2939 612 3002 omniurn
628 2948 841 3023 peccatorum
857 2958 992 3001 suorum
1009 2939 1121 3002 dones.

156 3021 206 3087 Ut
232 3044 308 3087 eum
327 3044 348 3086 a
368 3025 455 3088 lecto
479 3026 697 3108 aegritudinis
713 3026 788 3108 piae
812 3046 851 3089 ac
879 3025 1133 3090 misericorditer
1149 3026 1314 3105 reuelarei

94 3108 256 3191 digneris
272 3120 305 3174 te
324 3131 487 3194 rogamus

156 3195 206 3260 Ut
220 3216 296 3260 eum
312 3218 430 3262 sanum
454 3209 554 3281 atque
577 3199 775 3263 incolomem
799 3198 976 3263 aecclesiae
999 3207 1076 3262 tuae
1092 3205 1309 3283 representari

110 3283 257 3364 digneris
272 3295 313 3348 te.

157 3369 205 3434 Ut
216 3391 277 3434 nos
293 3373 453 3435 exaudire
468 3373 620 3455 digneris.

156 3456 218 3520 Fili
234 3458 288 3521 dei
304 3467 338 3521 te
354 3478 510 3542 rogamus
525 3461 681 3524 audinos.

154 3542 274 3626 Agnus
289 3545 342 3608 dei
358 3547 414 3627 qui
430 3547 519 3610 tollis
534 3556 670 3631 peccata
686 3547 801 3608 mundi
818 3566 916 3628 parce
931 3545 977 3609 illi
993 3547 1135 3610 domine.

154 3629 274 3712 Agnus
290 3632 344 3694 dei
360 3634 415 3714 qui
432 3634 522 3697 tollis
536 3643 674 3717 peccata
687 3634 801 3696 mundi
820 3634 973 3695 miserere
989 3634 1017 3697 ei
1035 3634 1177 3697 domine.

153 3715 284 3781 Christe
299 3720 377 3781 audi
395 3740 462 3784 nos.

154 3803 275 3885 Kyrrie
289 3804 422 3870 eleison.

154 3890 285 3955 Christe
300 3892 432 3958 eleison.

154 3977 276 4061 Kyrrie
290 3979 423 4044 eleison.

651 4116 774 4182 Oratio.

156 4242 300 4328 Respice
315 4245 452 4309 domine
467 4248 509 4311 de
525 4245 618 4310 caelo
639 4256 672 4309 et
688 4245 788 4309 uisita
804 4244 965 4308 famulum
982 4255 1088 4309 tuum.
1103 4246 1148 4309 ill.
1164 4255 1197 4309 et
1214 4243 1314 4309 bene·

111 4330 167 4394 dic
182 4350 260 4395 eum
291 4331 377 4397 sicut
404 4334 599 4399 benedicere
622 4334 781 4415 dignatus
805 4352 841 4395 es
864 4332 1033 4396 abraham.
1049 4333 1145 4397 isaac.
1160 4343 1194 4397 et
1210 4332 1314 4397 iacob.

111 4416 225 4499 aspice
240 4417 377 4483 domine
399 4420 504 4485 oculis
528 4420 602 4485 tuis
618 4429 653 4485 et
678 4419 769 4503 reple
793 4438 869 4483 cum
893 4420 985 4483 omni
1000 4419 1124 4502 gaudio
1139 4428 1174 4484 et
1189 4419 1317 4483 laetitia

107 4512 144 4568 et
154 4503 275 4569 timore
282 4506 418 4591 expelle
432 4526 548 4572 omnes
563 4506 687 4573 inimici
702 4506 850 4571 insidias
866 4506 963 4571 mitte
971 4506 1001 4570 ei
1012 4505 1149 4571 domine
1159 4507 1318 4591 angelum

156 4594 352 4671 rums-:crs
1159 4606 1184 4661 u
