3038 5106
559 318 675 369 FERIA
706 317 749 369 VI.
776 316 826 368 IN
844 314 1075 367 PARAsCEUB.

673 520 774 601 Infra
787 521 950 584 actionem.
1015 506 1020 513 ¹

257 636 553 700 Communicantes
589 643 624 698 et
660 635 748 698 diem
787 633 1044 696 sacratissimum
1083 630 1316 694 caelebrantes.
1349 652 1419 712 quo

214 724 369 787 dominus
399 734 511 785 noster
534 724 620 784 iesus
642 722 784 784 christus
809 742 869 804 pro
899 720 994 784 nobis
1018 730 1068 783 est
1093 721 1241 782 traditus
1289 719 1358 782 Sed
1384 732 1421 780 et

215 812 409 874 memoriam
425 819 630 874 uenerantes

767 910 858 975 Item.

258 1026 356 1089 Hanc
394 1024 494 1106 igitur
522 1022 726 1085 oblationem
756 1022 924 1085 seruitutis
954 1032 1085 1085 nostrae
1114 1021 1172 1083 sed
1206 1030 1240 1084 et
1277 1030 1421 1083 cunctae

212 1113 356 1175 familiae
372 1120 449 1174 tuae
464 1131 564 1192 quam
581 1110 640 1172 tibi
657 1108 826 1172 offerimus
841 1109 885 1172 ob
900 1110 988 1171 diem
1006 1110 1038 1170 in
1055 1129 1121 1190 qua
1137 1110 1291 1172 dominus
1305 1118 1423 1170 noster

213 1202 299 1263 iesus
326 1199 466 1261 christus
490 1198 626 1260 tradidit
650 1197 819 1278 discipulis
852 1197 919 1258 suis
945 1197 1090 1278 corporis
1115 1206 1147 1259 et
1172 1196 1343 1277 sanguinis
1368 1195 1421 1256 sui

214 1288 371 1370 mysteria
386 1284 611 1348 caelebranda.
628 1304 808 1365 quesumus
824 1283 968 1346 domine.

771 1414 862 1478 Alia.

256 1529 323 1612 Qui
340 1528 444 1610 pridie
460 1547 560 1609 quam
578 1547 638 1607 pro
660 1536 773 1588 nostra
795 1527 944 1589 omnium
967 1525 1074 1589 salute
1097 1536 1272 1608 pateretur.
1288 1526 1351 1588 lroc
1368 1535 1420 1588 est

211 1617 310 1680 hodie
326 1617 453 1699 accepit
469 1634 589 1697 panem
608 1614 639 1675 in
656 1623 787 1676 sanctas
803 1634 842 1676 ac
858 1614 1063 1676 uenerabiles
1079 1633 1197 1676 manus
1212 1634 1296 1675 suas.

667 1753 730 1817 Ad
738 1754 963 1835 corrmleudum.

257 1868 386 1931 Reiecti
411 1867 567 1929 uitalibus
591 1866 758 1929 alimentis
780 1868 961 1948 quesumus
984 1867 1119 1929 domine
1142 1865 1223 1927 deus
1247 1874 1359 1927 noster
1382 1875 1417 1927 ut

213 1955 303 2036 quod
334 1966 505 2031 temporae
535 1964 668 2016 nostrae
699 1953 911 2017 mortalitatis
941 1954 1146 2036 exequimur.
1170 1953 1419 2017 inmortalitatis

213 2053 290 2105 tuae
307 2062 443 2104 munere
459 2061 706 2121 consequamur.
724 2061 789 2122 per.

555 2226 673 2288 Ferus
695 2226 756 2289 VI.
781 2238 822 2289 ru
849 2226 1076 2289 Pnnnseuua.

260 2359 355 2424 Haec
371 2362 451 2426 dicit
467 2362 622 2426 dominus
638 2362 728 2427 deus.
776 2362 814 2425 ln
831 2362 1045 2425 tribulatione
1061 2383 1128 2426 sua.

748 2511 893 2578 Tractus·

264 2612 411 2675 Domine
428 2615 550 2676 audiui.

261 2726 353 2788 Deus
370 2747 389 2788 a
405 2746 472 2806 quo
488 2738 520 2788 et
538 2728 631 2790 iudas
648 2736 758 2790 reatus
773 2727 831 2791 sui.
847 2736 1003 2809 utsupra.

263 2862 300 2924 In
325 2863 441 2962 diebus
458 2863 529 2925 illis.
591 2865 690 2928 Dixit
705 2866 859 2928 dominus
882 2865 925 2928 ad
949 2885 1087 2948 moysen
1104 2875 1137 2928 et
1153 2885 1253 2927 aaron
1279 2865 1311 2926 in
1336 2876 1422 2928 terra

216 2960 360 3032 aegypti.

260 3086 362 3169 Eripe
378 3110 439 3151 me.
455 3091 597 3152 domine.

262 3198 406 3263 Oremus
422 3202 626 3264 dilectissimi
643 3201 738 3263 nobis
755 3202 903 3284 inprimis
926 3222 987 3284 pro
1003 3202 1161 3265 aecclesia
1176 3212 1291 3265 sancta
1307 3202 1369 3265 dei.
1386 3215 1421 3264 ut

218 3306 292 3349 eam
310 3287 391 3349 deus
407 3300 440 3350 et
456 3289 610 3351 dominus
627 3300 738 3350 noster
753 3289 925 3371 pacificare
940 3301 973 3352 et
989 3291 1154 3353 custodire
1170 3291 1331 3370 dignetur.
1350 3298 1423 3351 toto

219 3373 299 3435 orbe
326 3383 485 3437 terrarum
509 3376 673 3438 subiciens
698 3377 728 3437 ei
757 3377 961 3458 principatus
988 3387 1021 3438 et
1046 3375 1278 3459 potesta[tes.]¹
1298 3375 1422 3457 detque

220 3459 316 3521 nobis
338 3462 485 3541 quietam
502 3473 535 3525 et
552 3463 763 3544 tranquillam
788 3464 892 3525 uitam
913 3465 1111 3546 degentibus
1124 3463 1307 3545 glorificare
1319 3464 1420 3525 deum

218 3557 348 3629 patrem
364 3550 638 3630 omnipotentem.

747 3636 890 3700 Oremus.

263 3733 488 3817 Omnipotens
504 3737 705 3816 sempiterne
719 3736 801 3798 deus
817 3737 872 3816 qui
889 3736 1028 3817 gloriam
1046 3746 1136 3798 tuam
1153 3734 1274 3820 somni·
1298 3734 1354 3816 [so.
1371 3738 1423 3799 60.

220 3822 281 3885 bus
298 3822 329 3883 in
347 3823 469 3883 christo
484 3823 638 3903 gentibus
649 3823 809 3884 reuelasti.
821 3825 950 3886 custodi
967 3845 1067 3905 opera
1081 3822 1322 3885 misericordiae
1336 3834 1423 3885 tuae.

220 3921 256 3973 ut
273 3910 432 3971 aecclesia
448 3919 505 3971 tua
521 3919 593 3971 toto
617 3909 697 3972 orbe
721 3909 849 3973 diflusa.
866 3911 976 3972 stabili
1000 3910 1065 3973 fide
1088 3911 1120 3971 in
1144 3909 1350 3972 consessione
1374 3912 1422 3972 tui

220 3997 363 4058 nominis
379 4007 573 4078 perseueret.
620 3997 681 4058 Per
695 3997 849 4059 eundem.

265 4106 407 4170 Oremus
424 4117 456 4170 et
473 4128 532 4188 pro
548 4106 739 4169 beatissimo
754 4127 843 4189 papa
860 4115 973 4170 nostro
988 4106 1032 4169 ill.
1049 4116 1086 4168 ut
1109 4109 1190 4170 deus
1215 4116 1248 4169 et
1267 4107 1424 4169 dominus

221 4204 333 4256 noster
361 4193 417 4275 qui
447 4195 547 4275 elegit
577 4196 707 4256 eumin
735 4194 885 4257 ordinem
916 4195 1134 4275 episcopatus.
1162 4194 1290 4256 saluum
1322 4206 1425 4276 atque

221 4281 419 4428 {neolomem
436 4282 602 4431 custodiat
625 4280 803 4344 aecclesiae
818 4300 897 4343 suae
912 4289 1045 4343 sanctae
1061 4280 1103 4342 ad
1120 4283 1301 4362 regendum
1319 4302 1424 4363 popu·

234 4380 457 4432 umsanctum
496 4388 536 4432 er.

515 4505 523 4538 ¹
542 4508 652 4572 Syllable
665 4508 708 4559 lest
719 4516 763 4559 out
774 4508 800 4559 in
814 4502 869 4559 lis.
883 4514 910 4557 ot
921 4506 969 4557 end
981 4505 1010 4555 ol
1023 4505 1080 4555 line.
