3038 5106
355 336 439 387 FER.
465 336 521 390 III.
549 336 646 387 POST
665 339 757 390 DOM.
784 340 832 392 IN
852 342 942 391 ΚΑΜ.
969 342 1080 393 PALM.
1289 344 1320 408 85

657 562 792 628 Secreta.

163 676 319 741 Concede
336 696 516 758 quesumus
539 676 674 739 domine
698 687 734 738 ut
759 677 861 739 oculis
885 686 963 740 tuae
988 680 1169 743 maiestatis
1197 702 1317 744 munus

113 765 267 828 oblatum
283 773 317 826 et
332 764 473 845 gratiam
490 764 586 825 nobis
601 765 788 826 deuotionis
804 766 963 829 obtineat.
979 778 1013 829 et
1028 766 1182 831 effectum
1200 770 1317 831 beatae

115 852 334 935 perennitatis
349 851 510 932 adquirat.
528 871 586 932 per
600 851 785 913 dominum.

631 1000 813 1081 Praefatae.

162 1113 213 1176 (θ
237 1132 297 1194 per
320 1111 478 1174 christum
495 1112 668 1175 dominum
693 1124 851 1175 nostrum.
899 1114 960 1175 Per
982 1135 1081 1195 quem
1098 1117 1192 1178 nobis
1210 1117 1317 1179 inrlul-

115 1201 231 1283 gentia
247 1200 390 1280 largitur.
408 1211 440 1262 et
456 1219 525 1280 pax
541 1220 600 1280 per
615 1219 715 1261 omne
731 1201 899 1262 saeculum
916 1202 1131 1281 praedicatur.
1159 1203 1188 1264 T
1192 1206 1316 1267 raditur

118 1287 246 1349 cunctis
282 1287 491 1349 credentibus
515 1286 713 1367 [disciplina.
745 1296 781 1349 ut
812 1287 1035 1349 sanctificatos
1066 1310 1126 1351 nos
1157 1289 1212 1371 [fu.
1246 1307 1315 1371 57v.

119 1374 224 1457 possit
239 1373 310 1435 dies
326 1383 485 1436 uenturus
499 1374 662 1455 excipere.
709 1373 755 1436 Et
771 1373 846 1435 ideo
862 1394 936 1436 curn
954 1375 1088 1457 angelis.

567 1507 630 1570 Ad
639 1507 863 1588 conplcudum.

164 1622 226 1685 Per
265 1620 362 1684 huius
399 1620 533 1683 domine
570 1621 800 1702 operationem
841 1621 996 1700 mysterii.
1028 1631 1061 1684 et
1092 1622 1173 1685 uitia
1204 1633 1316 1686 nostra

119 1720 310 1791 purgentur.
346 1720 380 1771 et
423 1709 511 1771 iusta
554 1707 719 1771 desideria
764 1707 1002 1789 compleantur.
1048 1728 1106 1790 per
1144 1711 1316 1773 dominum

120 1810 278 1859 nostrum.

621 1954 740 2017 Faum
765 1954 808 2018 11.

166 2076 220 2139 Da
234 2095 415 2157 quesumus
429 2074 643 2157 omnipotens
658 2075 740 2136 deus
756 2086 793 2137 ut
808 2074 864 2155 qui
882 2075 914 2136 in
931 2084 982 2138 tot
992 2076 1139 2138 aduersis
1151 2097 1194 2138 ex
1206 2088 1319 2140 nostra

120 2162 312 2227 infirmitate
341 2161 521 2225 deficimus.
553 2163 777 2225 intercedente
807 2163 968 2244 unigeniti
999 2162 1056 2225 filii
1087 2165 1134 2225 tui
1166 2165 1318 2245 passione

121 2250 327 2332 respiremus.
343 2270 401 2332 per
416 2250 568 2315 eundern.

653 2384 792 2448 Secreta

165 2500 260 2563 Haec
275 2497 434 2562 sacrificia
450 2518 511 2561 nos
526 2498 739 2579 omnipotens
755 2498 836 2560 deus
853 2498 981 2580 potenti
996 2499 1117 2562 uirtute
1130 2501 1318 2565 mundatos

119 2590 162 2652 ad
178 2608 275 2651 suum
292 2586 414 2649 saciant
429 2587 576 2668 puriores
593 2587 705 2647 uenire
721 2587 926 2667 principium.
944 2606 1002 2667 per
1017 2587 1200 2649 dominum.

630 2728 809 2809 Praefatae.

163 2844 214 2907 (θ
240 2863 299 2925 per
322 2842 480 2905 christum
508 2841 682 2904 dominum
707 2852 865 2904 nostrum.
911 2840 1012 2905 Cuius
1037 2862 1096 2904 nos
1127 2841 1317 2904 humanitas

117 2930 254 3013 colligit.
270 2929 440 2993 humilitas
455 2929 559 3011 erigit.
576 2930 711 2991 traditio
726 2929 876 2991 absoluit.
894 2949 1002 3010 poena
1018 2930 1165 2992 redemit.
1223 2930 1315 2993 Crux

118 3016 290 3080 saluificat.
305 3017 440 3097 sanguis
455 3015 627 3079 emaculat.
645 3034 721 3078 caro
737 3017 876 3097 saginat.
923 3016 984 3077 Per
1005 3036 1105 3097 quem
1130 3026 1163 3080 te
1186 3037 1315 3079 summe

117 3114 212 3187 pater
252 3122 328 3167 cum
366 3104 560 3166 ieiuniorum
598 3103 765 3182 obsequiis
813 3103 1031 3165 obsecramus.
1077 3114 1113 3165 ut
1158 3105 1200 3166 ad
1246 3106 1316 3165 eius

117 3188 371 3253 caelebrandam
398 3190 594 3273 passionem.
622 3188 802 3272 purificatis
827 3190 993 3252 mentibus
1017 3192 1222 3253 accedamus.
1258 3212 1316 3272 per

117 3296 226 3359 quem.

572 3404 634 3467 Ad
639 3404 864 3486 complendum.

162 3518 345 3581 Praebeant
372 3517 467 3581 nobis
490 3517 626 3580 domine
652 3516 802 3580 diuinum
828 3525 885 3578 tua
911 3526 1027 3578 sancta
1054 3516 1224 3579 feruorem.
1248 3537 1314 3599 quo

116 3626 230 3669 eorum
246 3606 370 3687 pariter
384 3616 418 3667 et
432 3614 509 3667 actu
521 3604 724 3667 delectemur
738 3613 772 3666 et
789 3602 904 3665 fructu.
920 3623 979 3684 per
994 3604 1177 3667 dominum.

580 3741 608 3805 S
608 3751 687 3821 uper
692 3741 855 3822 populum.

159 3854 297 3919 Adiuua
312 3874 373 3919 nos
388 3854 471 3918 deus
493 3853 645 3917 salutaris
669 3864 788 3916 noster.
816 3863 849 3916 et
874 3853 917 3916 ad
943 3853 1103 3916 beneficia
1130 3854 1312 3917 recolenda.

114 3944 235 4025 quibus
251 3962 312 4007 nos
332 3944 515 4006 instaurare
537 3942 694 4023 dignatus
714 3961 758 4004 es,
782 3942 889 4003 tribue
912 3942 1024 4003 uenire
1046 3944 1238 4023 gaudentes.
1255 3965 1313 4025 per

113 4030 289 4095 dominum
306 4041 466 4095 nostrum.

621 4198 739 4261 Furem
765 4198 828 4260 111.

158 4318 398 4405 lOmnipotens
422 4320 623 4403 sempiterne
637 4321 719 4382 deus
735 4319 779 4381 da
795 4318 890 4382 nobis
907 4320 953 4381 ita
968 4319 1155 4383 dominicae
1179 4319 1234 4402 [fo.
1262 4324 1310 4399 58.

113 4409 279 4491 passionis
321 4418 530 4472 sacramenta
581 4426 745 4491 peragere.
785 4417 821 4470 ut
863 4407 1105 4489 indulgentiam
1143 4410 1312 4490 percipere

113 4514 307 4561 mereamur.
322 4514 382 4579 per
395 4495 569 4560 dominum
593 4504 753 4557 nostrum.
