3038 5106
444 344 558 395 MISSA
583 344 731 396 CONTRA
759 344 785 393 Τ
781 344 912 394 EMPYA
918 344 944 393 Τ
941 344 1073 395 ΙΟΝΕΜ.
1327 356 1375 411 257

175 498 383 584 propriorum
413 496 500 563 feriri
537 498 673 581 patiaris
710 518 858 561 excessu.
896 518 957 561 nec
995 497 1110 562 alienis
1148 499 1374 582 impietatibus

176 586 333 670 praebere
370 604 577 649 consensum.
646 584 712 649 Sed
755 604 862 648 mores
901 593 1032 648 nostros
1068 606 1109 649 ea
1146 587 1374 650 moderatione
1422 664 1427 671 ,

174 693 365 756 componas.
381 683 418 737 ut
433 682 503 735 tam
530 672 563 735 in
591 670 686 735 nobis
713 691 813 753 quam
827 672 859 733 in
876 672 949 735 aliis
971 693 1056 754 quae
1071 683 1148 737 sunt
1164 674 1250 736 iusta
1266 693 1373 737 serue-

173 780 257 823 mus.
274 770 306 824 et
322 759 364 823 ad
381 769 516 823 aeterna
530 758 653 841 gaudia
669 759 839 840 peruenire
856 779 1048 822 mereamur.
1065 781 1123 842 per
1138 760 1306 823 christum.

636 896 736 975 Infra
751 896 915 959 actionarii.

218 1011 316 1074 Hanc
333 1010 432 1093 igitur
446 1007 650 1072 oblationem
674 1008 809 1071 domine
830 1006 943 1071 famuli
967 1009 1022 1071 tui.
1047 1009 1089 1071 N.
1112 1018 1146 1072 et
1169 1010 1310 1091 reginae.
1327 1010 1372 1073 ill.

169 1118 248 1162 cum
265 1096 339 1161 filiis
355 1097 422 1159 suis
439 1096 490 1159 uel
507 1095 633 1178 populo
644 1094 824 1157 christiano
839 1115 939 1176 quam
955 1095 1014 1158 tibi
1032 1096 1248 1160 ministerium
1273 1095 1371 1159 officii

170 1184 384 1248 sacerdotalis
400 1182 576 1245 offerimus,
592 1182 754 1265 propitius
770 1202 808 1245 ac
825 1181 987 1264 benignus
1008 1203 1147 1245 assume.
1163 1193 1197 1246 et
1213 1194 1370 1247 exoratus

172 1282 286 1336 nostra
322 1271 559 1334 obsecratione.
590 1269 736 1332 concede
766 1278 802 1331 ut
833 1269 997 1332 maiestati
1029 1280 1106 1333 tuae
1143 1270 1185 1332 sit
1223 1280 1369 1353 accepta.

173 1358 322 1440 Diesque
338 1368 476 1420 nostros.

624 1493 686 1555 Ad
696 1492 923 1574 conqtlendurrr.

214 1606 348 1669 Praesta
375 1625 555 1688 quesumus
586 1605 798 1686 omnipotens
827 1606 918 1668 deus,
945 1614 981 1666 ut
1012 1624 1071 1686 per
1100 1604 1181 1667 haec
1213 1608 1371 1687 mysteria

166 1713 254 1776 quae
284 1694 493 1776 sumpsimus.
522 1712 580 1754 rex
608 1702 727 1754 noster.
753 1691 793 1754 N.
822 1702 855 1753 et
880 1692 1000 1773 regina.
1028 1692 1067 1753 N.
1094 1692 1146 1754 uel
1173 1691 1228 1754 filii
1256 1713 1368 1756 eorum

167 1790 203 1844 et
219 1780 362 1863 populus
387 1779 582 1843 christianus
598 1799 729 1861 semper
746 1777 952 1840 rationabilia
978 1779 1185 1841 meditantes.
1202 1800 1286 1861 quae
1310 1780 1369 1842 tibi

166 1876 246 1930 sunt
277 1867 405 1950 placita.
444 1876 477 1929 et
508 1867 604 1929 dictis
642 1874 851 1947 exequantur
887 1875 920 1926 et
959 1864 1061 1928 sactis.
1101 1887 1159 1948 per
1195 1868 1367 1929 dominum

168 1964 328 2017 nostrum.

491 2123 607 2185 Mrssn
631 2134 700 2184 ruo
724 2120 1057 2185 Coucnucnrroun.

211 2264 361 2328 Defende
377 2283 556 2345 quesumus
579 2263 714 2326 domine
737 2262 836 2325 beato
859 2272 953 2344 petro
976 2262 1129 2344 apostolo
1152 2274 1210 2326 tuo
1233 2265 1371 2328 interce·

162 2352 273 2415 dente.
302 2352 399 2414 istam
424 2350 467 2412 ab
492 2350 582 2413 omni
608 2350 808 2412 aduersitate
832 2348 999 2411 familiam.
1017 2346 1070 2422 uti
1088 2349 1148 2412 tibi
1174 2354 1369 2415 totocorde

163 2423 373 2521 prostrdtam.
397 2439 441 2502 ab
465 2437 609 2500 hostium
634 2436 796 2518 propitius
821 2434 929 2510 tuerei
946 2436 1127 2499 clementer
1149 2438 1283 2501 insidiis.
1311 2460 1369 2521 per

161 2526 345 2589 dominum.

700 2660 837 2723 Secreta.

208 2772 345 2855 Suscipe
372 2793 549 2853 quesumus
574 2771 754 2847 dementer
777 2772 989 2853 omnipotens
1012 2771 1101 2834 deus
1121 2783 1252 2835 nostrae
1277 2775 1367 2837 obla-

160 2861 288 2924 tionem
305 2860 499 2924 deuotionis.
516 2869 549 2921 et
572 2880 631 2941 per
645 2860 801 2921 uirtutem
818 2858 913 2921 huius
936 2860 1141 2921 sacramenti.
1159 2870 1235 2922 tuae
1252 2862 1368 2923 maies-

162 2948 242 3011 tatis
263 2946 403 3010 samulos
424 2946 690 3028 congregationis
712 2946 812 3008 istius
830 2965 849 3007 a
865 2945 991 3008 cunctis
1007 2956 1144 3029 protege
1159 2947 1367 3010 aduersitati-

160 3034 233 3097 bus.
249 3054 307 3116 per
322 3034 504 3097 dominum.

612 3169 675 3232 Ad
686 3168 912 3250 correplcndum.

206 3281 356 3365 Sumptis
385 3282 621 3364 redemptionis
652 3291 783 3344 nostrae
814 3282 1003 3344 muneribus
1033 3293 1165 3364 praesta
1188 3303 1367 3363 quesumus

158 3370 372 3452 omnipotens
387 3379 420 3431 et
437 3370 620 3431 misericors
635 3369 725 3431 deus,
736 3389 848 3431 eorum
865 3368 1106 3431 caelebratione
1121 3369 1259 3452 ino-[1⁵0.
1278 3373 1365 3434 186v.

161 3456 213 3520 bis
236 3466 311 3519 tuae
336 3456 557 3538 protectionis.
581 3466 697 3518 contra
720 3476 835 3517 omnes
861 3456 1077 3519 aduersitates
1100 3457 1291 3520 subsidium.
1310 3480 1367 3540 per

156 3543 333 3607 dominum
350 3552 498 3605 nostrum
515 3543 618 3605 iesum
635 3542 801 3605 christum.

161 3742 279 3806 Mrssn
303 3742 460 3808 CONTRA
496 3744 733 3807 lnnnconun
759 3744 1068 3807 Tnnrrnrroxnn
1096 3745 1362 3808 qursmnlon.

205 3887 428 3970 Omnipotens
450 3889 622 3952 mitissime
638 3891 719 3951 deus
738 3890 862 3972 respice
886 3891 1047 3972 propitius
1070 3912 1203 3974 praeces
1226 3902 1363 3954 nostras.

158 3984 194 4039 et
210 3974 312 4038 libera
334 3996 391 4038 cor
406 3986 554 4039 nostrum
571 3974 613 4038 de
635 3976 794 4039 malarum
815 3978 1035 4058 temptatione
1056 3980 1303 4059 cogitationum.
1328 3990 1364 4042 ut

158 4062 294 4145 spiritus
310 4064 414 4125 sancti
430 4064 569 4145 dignum
587 4062 654 4125 fieri
672 4062 897 4126 habitaculum
915 4084 1106 4128 mereamur.
1123 4086 1189 4148 per.

693 4210 829 4273 Secreta.

205 4320 279 4383 Has
294 4321 354 4384 tibi
370 4321 505 4385 domine
527 4320 609 4385 deus
631 4320 800 4385 offerimus
824 4320 1010 4385 oblationes
1036 4343 1097 4405 pro
1120 4323 1226 4385 salute
1251 4333 1364 4386 nostra

153 4408 315 4491 quatinus
329 4408 458 4471 animas
481 4420 610 4473 nostras
634 4407 719 4470 illius
745 4410 850 4472 sancti
876 4408 1010 4492 spiritus
1033 4409 1140 4490 gratia
1167 4410 1364 4475 inluminare

153 4494 312 4579 digneris.
327 4514 388 4579 per
401 4494 583 4559 dominum.
599 4493 756 4558 eiusdem.

200 4584 398 4661 Juurnsns.
1213 4598 1232 4649 s
