3038 5106
172 352 217 415 158
370 350 440 401 IIII.
460 350 548 401 NON.
570 350 653 401 FEB.
678 351 926 403 PURIFICATIO
952 354 980 403 S.
1010 352 1170 404 MARIAE.
1223 374 1228 383 ·

648 562 895 626 Bsursmcrro.

214 675 357 738 Domine
371 683 487 737 sancte
510 683 604 755 pater
626 675 838 756 omnipotens
861 685 995 738 aeterne
1009 675 1099 739 deus.
1115 676 1314 742 benedicere
1338 686 1371 742 et

168 759 372 826 sanctificare
388 761 533 842 digneris
554 762 665 842 ignem
686 761 793 829 istum.
810 781 910 842 quern
927 782 988 825 nos
1011 763 1138 846 indigni
1159 767 1370 847 suscepimus

167 871 226 934 per
252 848 497 912 inuocationem
525 847 685 929 unigeniti
710 846 768 910 filii
795 848 843 911 tui
866 848 993 912 domini
1020 851 1123 913 nostri
1150 852 1219 914 iesu
1245 850 1370 915 christi.

167 957 266 1019 quem
294 935 393 998 hodie
420 935 452 997 in
480 933 607 1017 templo
637 944 901 1016 representatum
935 937 1058 999 iustum
1090 958 1289 1019 symeonem
1310 940 1368 1003 diu

166 1031 402 1105 expectantem
442 1022 473 1083 in
510 1020 606 1084 ulnas
632 1021 817 1103 suscepisse
848 1022 1010 1086 nouimus.
1035 1034 1069 1087 et
1098 1024 1244 1088 salutare
1271 1035 1368 1089 tuum

166 1121 244 1173 ante
261 1109 376 1171 faciem
401 1108 550 1170 omnium
574 1108 772 1190 populorum
796 1128 867 1170 esse
891 1109 1001 1172 lumen
1018 1110 1143 1174 scilicet
1158 1113 1318 1194 gentibus
1334 1124 1368 1175 et

164 1197 303 1280 gloriam
321 1196 408 1277 plebi
421 1205 498 1256 tuae
514 1195 632 1257 israhel
650 1194 844 1276 prophetico
855 1196 971 1278 spiritu
983 1197 1124 1261 docuisti
1141 1208 1174 1261 te
1183 1219 1368 1280 quesumus

165 1285 300 1348 domine
317 1282 511 1344 benedicere
533 1281 678 1362 digneris
702 1282 813 1344 lumen
838 1283 925 1346 istud
942 1294 976 1345 et
991 1284 1145 1347 omnibus
1166 1284 1365 1359 eumlmanu

163 1370 378 1453 gestantibus.
406 1368 469 1430 hoc
496 1389 609 1431 uerum
636 1369 747 1430 lumen
772 1378 849 1431 tuae
880 1371 1062 1433 maiestatis
1087 1374 1243 1435 concede.
1272 1385 1308 1436 ut
1334 1382 1368 1437 te

163 1466 382 1539 agnoscentes
399 1476 457 1538 per
473 1456 561 1517 uiam
583 1455 743 1518 uirtutum
756 1455 798 1518 ad
815 1465 848 1518 te
864 1455 998 1520 ualeant
1013 1460 1193 1541 peruenire.
1210 1478 1277 1541 per.

676 1613 759 1676 Item
774 1614 853 1676 alia.

208 1729 353 1792 Domine
400 1727 469 1789 iesu
515 1725 636 1788 christe
677 1725 733 1808 qui
782 1724 960 1788 inluminas
1016 1748 1149 1791 omnem
1192 1729 1363 1793 hominem

165 1817 366 1896 luenientem
416 1814 449 1875 in
496 1813 583 1876 hunc
623 1812 783 1875 mundum
824 1811 957 1875 effunde
987 1833 1168 1895 quesumus
1207 1812 1362 1901 [so.113.

162 1903 426 1968 benedictionem
451 1910 543 1961 tuam
568 1919 667 1981 super
688 1898 748 1961 hos
764 1919 883 1962 cereos,
900 1910 933 1962 et
958 1900 1128 1964 sanctifica
1154 1923 1211 1965 eos
1238 1903 1363 1967 lumine

162 1992 288 2074 gratiae
304 1999 388 2050 tuae.
405 1997 439 2049 et
454 1988 599 2049 concede
615 1985 787 2068 propitius.
805 1996 840 2047 ut
865 1987 949 2048 sicut
974 1987 1054 2052 haec
1083 1989 1259 2053 luminaria
1282 1991 1360 2073 igne

162 2076 281 2143 uisibili
308 2071 468 2138 accende†
485 2084 662 2136 nocturnas
685 2071 857 2154 depellunt
883 2074 1043 2137 tenebras.
1061 2075 1108 2139 ita
1124 2077 1225 2140 corda
1249 2088 1360 2141 nostra

162 2163 317 2228 inuisibili
335 2162 410 2242 igne
427 2161 526 2223 idest
549 2160 654 2222 sancti
678 2160 812 2240 spiritus
836 2159 1012 2241 splendore
1029 2160 1193 2235 inlustral
1208 2175 1246 2226 ut
1268 2166 1358 2227 omni

161 2253 317 2315 uitiorum
343 2250 483 2311 cecitate
507 2256 650 2308 careant.
677 2255 710 2307 et
738 2256 880 2327 purgato
906 2250 1026 2311 mentis
1053 2249 1149 2312 oculo
1172 2271 1212 2313 ea
1227 2271 1358 2313 cernere

161 2357 292 2419 semper
322 2335 487 2418 possimus
517 2354 603 2415 quae
636 2331 696 2394 tibi
731 2353 861 2415 semper
893 2343 970 2396 sunt
1004 2335 1126 2416 placita
1160 2348 1193 2400 et
1228 2347 1358 2400 nostrae

161 2426 258 2488 saluti
291 2423 390 2485 utilia.
422 2421 578 2503 quatinus
608 2419 774 2501 possimus
808 2420 929 2482 saeculi
963 2423 1144 2504 caliginosa
1166 2424 1357 2507 discrimina

160 2513 317 2576 deuitare.
332 2519 366 2572 et
389 2509 431 2570 ad
456 2507 562 2570 lucem
586 2505 829 2569 indeficientem
853 2509 1025 2588 peruenire
1042 2529 1235 2573 mereamur.
1252 2521 1357 2594 perte

158 2603 234 2663 iesu.

718 2738 804 2801 Alia.

203 2855 427 2935 Omnipotens
460 2851 661 2933 sempiterne
695 2850 776 2912 deus
806 2851 862 2931 qui
895 2872 1032 2932 moysen
1064 2852 1225 2916 famulum
1260 2865 1353 2917 tuum

159 2944 370 3026 purissimum
398 2938 461 3000 olei
484 2937 643 3018 liquorem
669 2938 710 2998 ad
735 2935 909 2999 luminaria
932 2948 1009 3000 ante
1025 2952 1242 3022 conspectum
1260 2950 1352 3004 tuum

158 3032 277 3111 iugiter
292 3026 499 3089 concinendo
515 3043 711 3105 praeparare
724 3023 846 3085 iussisti
863 3025 1102 3087 benedictionis
1119 3036 1196 3088 tuae
1212 3028 1352 3108 gratiam

158 3137 256 3198 super
287 3115 347 3175 hos
370 3132 481 3174 cereos
505 3111 668 3190 benignus
692 3110 836 3172 infunde.
864 3112 1020 3192 quatinus
1047 3114 1094 3174 sic
1120 3114 1353 3177 administrent

157 3205 267 3267 lumen
296 3200 450 3262 exterius.
466 3207 503 3259 ut
530 3207 562 3259 te
579 3198 725 3258 donante
742 3196 852 3259 lumen
877 3199 1010 3280 spiritus
1027 3201 1073 3262 tui
1099 3201 1131 3261 in
1149 3202 1271 3263 nostris
1289 3222 1351 3265 non

155 3292 242 3354 desit
260 3287 425 3350 mentibus
439 3285 581 3346 interius.
600 3303 664 3364 per.

714 3446 801 3508 Alia.

199 3563 334 3627 Domini
372 3561 440 3620 iesu
474 3558 593 3619 christe
620 3568 749 3619 creator
774 3558 855 3619 caeli
886 3569 919 3620 et
950 3569 1064 3622 terrae.
1090 3581 1149 3622 rex
1176 3581 1291 3642 regum
1317 3572 1349 3623 et

153 3652 308 3714 dominus
332 3647 584 3709 dominantium.
612 3645 734 3705 exaudi
763 3665 823 3706 nos
850 3647 1004 3726 indignos
1029 3647 1171 3709 famulos
1194 3657 1270 3710 tuos
1286 3649 1349 3711 cla·

154 3747 283 3800 mantes
299 3735 341 3796 ad
359 3741 595 3795 remorantes
619 3740 660 3792 te.
709 3732 904 3794 Praecamur
931 3742 964 3795 te
979 3734 1113 3795 domine
1136 3736 1349 3816 omnipotens

151 3836 285 3887 aeterne
298 3825 378 3884 deus
391 3820 447 3900 qui
459 3819 570 3880 omnia
586 3838 630 3879 ex
647 3818 749 3879 nihilo
766 3819 889 3880 creasti.
903 3829 936 3881 et
953 3821 1041 3882 iussu
1058 3832 1116 3883 tuo
1132 3842 1232 3903 opere
1248 3841 1346 3903 apum

154 3912 238 3974 hanc
264 3928 372 3972 ceram
400 3906 531 3967 euenire
559 3903 671 3966 fecisti.
689 3915 723 3967 et
749 3906 805 3986 qui
830 3905 990 3968 hodierna
1005 3908 1060 3969 die
1085 3909 1161 3969 iusti
1178 3909 1345 3989 symeonis

152 3999 345 4082 petitionem
378 3991 521 4073 implesti
552 4001 584 4053 te
611 3991 745 4053 domine
769 3993 938 4055 humiliter
964 3995 1200 4075 depraecamur
1226 4005 1263 4057 ut
1289 3996 1346 4056 has

151 4085 314 4149 candelas
331 4085 372 4144 ad
397 4099 492 4141 usum
511 4078 681 4140 hominum
699 4088 732 4140 et
748 4080 932 4141 animarum
950 4082 1020 4143 siue
1041 4083 1073 4142 in
1098 4092 1191 4144 terra
1218 4083 1288 4145 siue
1315 4082 1344 4143 in

149 4174 252 4255 aquis.
269 4191 327 4252 per
343 4167 586 4229 inuocationem
603 4166 801 4227 sanctissimi
826 4168 967 4228 nominis
984 4169 1039 4230 tui.
1056 4178 1089 4230 et
1113 4189 1171 4249 per
1194 4169 1346 4230 interces-

148 4262 276 4323 sionem
308 4266 442 4318 sanctae
473 4253 607 4329 mariae!
631 4252 798 4332 genitricis
823 4262 899 4315 tuae
926 4255 1017 4317 cuius
1048 4254 1146 4317 hodie
1179 4252 1342 4339 [l0.113v.

150 4347 234 4409 festa
261 4342 460 4427 percolimus
487 4359 544 4421 per
570 4358 769 4420 praecesque
806 4340 954 4401 omnium
987 4352 1177 4404 sanctorum
1212 4352 1341 4406 tuorum

149 4433 343 4497 benedicere
370 4438 403 4491 et
433 4424 638 4488 sanctificare
663 4425 817 4505 digneris.
848 4440 884 4488 ut
914 4426 1011 4490 huius
1037 4426 1143 4509 plebis
1167 4440 1245 4491 tuae
1272 4429 1341 4491 illas

148 4517 327 4584 honorilice
343 4524 513 4598 portantes
529 4514 561 4575 in
580 4511 731 4575 manibus
745 4513 923 4576 cantando.
938 4523 1037 4596 teque
1053 4514 1230 4579 laudando.
1247 4535 1342 4579 uoces
