3038 5106
515 372 657 425 onorio
677 372 935 426 mmmmm.
1271 386 1319 439 293

119 516 279 609 mysterii.
293 535 328 590 et
349 526 509 610 perhanc
524 528 644 591 sacrati
666 527 731 592 olei
746 527 937 593 unctionem
963 536 1065 611 atque
1090 538 1238 593 nostram
1260 529 1317 593 de·

119 614 365 696 praecationem
386 614 508 678 uirtute
533 624 669 678 sanctae
694 615 852 679 trinitatis
875 615 1059 678 medicatus
1074 616 1144 679 siue
1166 612 1317 698 [sanatus

121 700 296 783 pristinam
309 709 342 763 et
354 700 562 764 melioratam
573 702 717 785 recipere
729 702 883 765 merearis
899 702 1084 765 sanitatem.
1096 723 1162 784 per.
1173 702 1230 785 [so.
1243 719 1316 767 211.

372 831 484 917 ponne
497 832 541 915 Ριι
555 832 595 917 Ρα
609 830 746 915 seulbpu
760 814 858 916 mep
866 831 912 912 Ριε
926 830 1035 919 gebeb.

166 965 292 1049 Unguo
307 967 367 1029 has
388 966 539 1049 scapulas
563 966 617 1030 uel
644 969 790 1031 medium
815 968 923 1031 locum
947 968 1156 1049 scapularum
1179 970 1222 1032 de
1243 969 1319 1032 oleo

119 1064 258 1116 sacrato.
282 1064 319 1117 ut
341 1074 386 1115 ex
407 1055 498 1116 omni
521 1064 616 1136 parte
639 1055 777 1136 spiritali
801 1056 1007 1136 protectione
1031 1057 1186 1118 munitus.
1209 1056 1318 1119 iacula

120 1140 275 1203 diabolici
298 1141 441 1224 impetus
457 1143 593 1204 uiriliter
615 1151 860 1223 contempnere.
882 1143 944 1205 hac
971 1142 1085 1224 procul
1108 1143 1215 1225 possis
1240 1162 1314 1206 cum

121 1227 238 1290 robore
253 1228 386 1309 superni
402 1229 579 1290 iuuaminis
595 1228 759 1310 repellere.
775 1248 840 1310 per.

400 1359 512 1445 ponne
527 1360 570 1443 Ριι
583 1360 623 1444 Ρε
637 1358 755 1443 bpeolt
769 1343 862 1444 Janyfi
875 1360 923 1444 ΡιΡ
935 1358 1045 1445 gebeb.

166 1493 291 1576 Unguo
313 1504 448 1577 pectora
464 1504 522 1557 tua
542 1495 584 1558 de
599 1495 674 1557 oleo
689 1503 805 1557 sancto
822 1504 858 1557 ut
884 1492 946 1557 hac
962 1494 1119 1558 unctione
1142 1504 1320 1577 protectus.

121 1580 249 1645 sortiter
264 1592 410 1663 perstare
426 1581 537 1644 ualeas
554 1583 711 1644 aduersus
727 1602 838 1644 aereas
855 1592 1013 1645 cateruas.
1028 1602 1095 1663 per.

326 1712 438 1798 ponne
453 1713 496 1795 Ριι
510 1716 552 1800 Ρα
565 1711 673 1775 hanba
687 1710 824 1794 prbutan
839 1696 932 1795 1·me
946 1712 991 1794 Ριε
1006 1710 1115 1797 gebeb.

168 1848 294 1930 Unguo
315 1848 375 1910 has
397 1868 515 1910 manus
531 1848 573 1910 de
589 1847 663 1910 oleo
678 1860 881 1910 consecrato.
897 1857 933 1909 ut
955 1848 1111 1929 quicquid
1139 1848 1253 1911 illicito
1269 1848 1321 1911 uel

122 1936 227 1998 noxio
242 1955 341 2016 opere
364 1945 568 2017 peregerunt.
586 1934 744 2017 perhanc
761 1936 951 1997 unctionem
967 1947 1153 1998 euacuetur.
1169 1955 1235 2017 per.

425 2065 537 2151 ponne
551 2065 595 2149 Ριι
609 2064 649 2148 Ρα
661 2082 716 2147 pec
729 2047 825 2147 smyp
837 2064 883 2146 Ριε
897 2062 1006 2148 gebeb.

169 2199 294 2283 Unguo
309 2201 369 2262 hos
386 2201 488 2282 pedes
504 2199 546 2262 de
561 2200 636 2262 oleo
652 2200 836 2262 benedicto.
853 2209 889 2262 ut
904 2199 1061 2280 quicquid
1086 2198 1252 2281 superfluo
1268 2199 1321 2264 uel

124 2306 234 2349 nocuo
250 2288 378 2350 incessu
393 2288 639 2350 commiserunt.
654 2286 718 2350 ista
732 2285 866 2349 aboleat
886 2287 1066 2367 perunctio.
1084 2306 1150 2367 per.

151 2416 211 2499 Spa
225 2416 309 2500 hpup
328 2438 385 2499 lpa
399 2417 467 2499 paee
482 2414 538 2500 stip
553 2415 632 2501 eghe
653 2415 789 2499 spybol'c
809 2436 866 2499 Jpa
880 2399 975 2498 smil-1
987 2435 1064 2477 man
1079 2416 1151 2499 Ρωῃ
1165 2415 1288 2500 lpr'dop.

170 2552 295 2634 'Unguo
319 2562 352 2614 te
367 2552 441 2615 oleo
457 2551 664 2615 sanctificato
687 2553 719 2613 in
736 2551 870 2615 nomine
887 2552 990 2632 patris
1005 2560 1038 2613 et
1055 2549 1112 2613 filii
1139 2560 1172 2614 et
1189 2552 1323 2633 spiritus

123 2640 230 2702 sancti
260 2649 296 2702 ut
328 2659 419 2701 more
450 2638 562 2701 militis
590 2639 681 2702 uncti
711 2648 927 2723 praeparatus
953 2638 996 2700 ad
1024 2637 1190 2701 luctamen
1218 2640 1324 2721 possis

123 2745 237 2790 aereas
252 2746 406 2807 superare
422 2735 579 2788 cateruas.
595 2746 662 2799 per.

414 2850 529 2935 AEpcep
543 2852 633 2936 Paepe
647 2856 824 2936 smypunge
839 2854 894 2936 pas
909 2849 1042 2935 gebebu.

169 2989 208 3052 In
225 2988 359 3051 nomine
374 2988 477 3069 patris
486 2998 520 3050 et
536 2986 592 3050 filii
605 2997 639 3050 et
649 2987 782 3070 spiritus
793 2987 898 3049 sancti
915 2986 957 3048 sit
969 2986 1029 3049 tibi
1039 2985 1120 3048 haec
1131 2986 1194 3050 olei
1211 2989 1324 3051 unctio

123 3076 167 3139 ad
191 3075 454 3156 purificationem
479 3075 599 3137 mentis
621 3085 655 3136 et
677 3074 833 3155 corporis.
849 3074 891 3136 ad
919 3075 1089 3136 munimen
1115 3075 1157 3139 ad
1182 3074 1322 3138 delensi-

122 3182 223 3225 oncm
239 3172 354 3225 contra
370 3160 476 3223 iacula
493 3162 727 3224 inmundorum
744 3161 927 3242 spirituum.
944 3181 1009 3242 per.

688 3293 778 3356 Alia.

170 3400 315 3463 Domine
338 3398 420 3461 deus
443 3398 591 3460 saluator
616 3408 734 3460 noster.
751 3399 807 3479 qui
831 3418 866 3459 es
890 3418 968 3460 uera
990 3398 1078 3460 salus
1101 3406 1135 3460 et
1159 3399 1323 3460 medicina

123 3498 158 3550 et
174 3507 194 3548 a
216 3506 283 3569 quo
305 3487 414 3547 omnis
430 3486 554 3547 sanitas
576 3494 610 3546 et
632 3482 759 3557 omnis†
782 3485 1062 3547 medicamentum
1085 3486 1184 3548 uenit
1200 3486 1323 3566 quique

123 3573 267 3655 apostoli
300 3573 347 3634 tui
378 3572 483 3634 iacobi
509 3572 712 3634 documento
740 3572 935 3634 instruxisti.
967 3581 1004 3633 ut
1034 3572 1229 3653 languentes
1259 3572 1323 3634 olei

124 3660 250 3742 liquore
274 3668 407 3722 orantes
438 3660 671 3741 tansgeremus.
697 3659 822 3740 respice
846 3659 1008 3739 propitius
1029 3678 1128 3740 super
1150 3657 1205 3740 [fo
1230 3674 1322 3721 211v.

124 3747 214 3810 hunc
231 3745 391 3808 famulum
414 3755 517 3807 tuum.
533 3745 578 3808 ill.
595 3755 628 3808 et
651 3764 752 3827 quem
777 3745 915 3827 languor
937 3755 1052 3808 curuat
1070 3745 1113 3807 ad
1137 3747 1265 3808 exitum
1289 3755 1323 3808 et

125 3834 245 3897 uirium
265 3832 413 3896 delectus
429 3831 529 3896 trahit
551 3833 592 3895 ad
605 3852 769 3894 occasum.
787 3831 916 3893 medela
932 3842 1009 3895 tuae
1023 3832 1149 3914 gratiae
1172 3833 1323 3895 restituat

125 3922 169 3985 ad
186 3920 337 3984 salutem.
354 3940 419 4002 per.

685 4021 777 4085 Alia.

170 4126 260 4192 Sana
286 4146 420 4209 quoque
444 4126 525 4190 deus
549 4126 699 4190 omnium
718 4126 901 4191 medicator
916 4125 1054 4190 febrium
1079 4134 1112 4188 et
1128 4137 1322 4191 cunctorum

122 4213 320 4297 languorum
358 4214 522 4277 cruciatus
559 4213 867 4296 aegritudinemque
904 4222 939 4277 et
983 4212 1134 4277 dolorum
1172 4216 1322 4279 omnium

123 4301 265 4366 disolue¹
281 4310 448 4364 tormenta
462 4301 625 4363 uiscerum
652 4319 690 4363 ac
715 4300 865 4363 cordium
889 4300 1018 4363 interna
1041 4299 1171 4364 medica
1197 4301 1324 4367 medul-

123 4388 232 4453 larum
246 4406 380 4471 quoque
395 4396 430 4451 et
451 4386 692 4469 cogitationum
714 4406 797 4451 sana
816 4387 1007 4451 discrimina
1021 4387 1168 4451 ulcerum
1184 4390 1324 4454 uarieta-

547 4532 556 4567 ¹
572 4536 707 4589 Corrected
718 4543 746 4587 to
756 4536 869 4587 a'r'rsolrre.
