3038 5106
450 368 506 421 ΙΙΙ.
537 368 622 421 KAL.
653 370 727 422 IUL.
758 370 844 420 NAT.
874 372 902 420 S.
934 370 1058 420 PETRI.

292 536 431 601 Eooeu
456 537 529 601 Dm
552 538 708 603 Ursum
732 538 873 605 Snucn
898 538 1013 602 Psrnr
1036 537 1236 602 Arosrom.

207 654 343 719 Praesta
358 676 539 740 quesumus
562 660 775 742 omnipotens
800 659 891 722 deus.
917 669 954 722 ut
981 658 1079 722 nullis
1107 677 1167 720 nos
1191 656 1365 738 permittas

156 742 466 823 perturbationibus
482 748 621 809 concuti.
638 766 722 828 quos
747 748 780 808 in
807 746 1009 829 apostolicae
1033 744 1249 809 consessionis
1270 752 1365 823 petra

156 828 320 893 solidasti.
337 852 395 913 per
411 832 584 895 dominum
602 844 759 897 nostrum.

694 953 832 1018 Secreta.

206 1058 330 1124 Munus
354 1064 467 1145 populi
491 1064 539 1126 tui
563 1064 698 1128 domine
718 1085 899 1147 quesumus
922 1064 1106 1146 apostolica
1130 1061 1364 1126 intercessione

156 1147 339 1211 sanctifica.
379 1170 505 1232 nosque
536 1172 556 1213 a
587 1162 798 1234 peccatorum
824 1161 1012 1215 nostrorum
1041 1150 1178 1213 maculis
1209 1150 1364 1212 emunda.

157 1254 221 1317 per
235 1235 409 1299 dominum
423 1248 581 1301 nostrum.

668 1360 849 1440 Praefatio.

205 1466 255 1530 ff>
280 1479 413 1532 aeterne
428 1470 520 1533 deus.
566 1471 616 1534 Te
637 1472 772 1534 domine
793 1472 987 1554 suppliciter
1002 1490 1151 1533 exorare.
1167 1481 1204 1533 ut
1226 1489 1361 1551 gregem

157 1564 256 1615 tuum
279 1567 392 1635 pastor
407 1569 562 1620 aeternae
578 1579 642 1620 non
660 1560 799 1622 deseras
817 1560 875 1621 sed
895 1578 953 1639 per
969 1558 1086 1620 beatos
1101 1559 1270 1640 apostolos
1287 1569 1364 1619 tuos

156 1641 320 1703 continua
342 1645 562 1726 proltectione
585 1647 761 1709 custodias.
810 1646 857 1710 Ut
881 1645 986 1707 isdem
1012 1644 1193 1707 rectoribus
1216 1643 1272 1725 [io.
1294 1659 1362 1721 132.

156 1725 370 1807 gubernetur.
395 1751 479 1812 quos
504 1732 612 1814 operis
628 1734 676 1794 tui
702 1734 842 1795 uicarios
869 1734 977 1795 eidem
1009 1731 1178 1794 contulisti
1210 1749 1364 1812 praeesse

157 1823 319 1895 pastores.
335 1825 369 1878 et
385 1817 468 1881 ideo.

611 1939 674 2001 Ad
684 1939 910 2021 conplendmn.

205 2046 300 2131 Quos
330 2049 464 2114 caelesti
503 2051 638 2114 domine
671 2051 831 2114 alimento
862 2050 998 2113 satiasti.
1033 2050 1227 2133 apostolicis
1265 2049 1363 2111 inter-

159 2135 366 2199 cessionibus
381 2137 424 2199 ab
440 2139 530 2200 omni
547 2139 749 2202 aduersitate
765 2139 903 2201 custodi.
920 2158 986 2219 per.

715 2276 807 2340 Alia.

207 2383 299 2446 Deus
314 2386 371 2465 qui
397 2385 590 2450 aecclesiam
616 2396 708 2449 tuam
735 2387 877 2468 apostoli
894 2387 941 2449 tui
968 2387 1053 2467 petri
1080 2385 1146 2448 fide
1170 2396 1203 2448 et
1228 2386 1363 2447 nomine

160 2472 371 2534 consecrasti.
387 2474 511 2554 quique
535 2475 669 2536 beatum
696 2474 740 2535 illi
767 2474 904 2555 paulum
929 2474 972 2535 ad
998 2473 1257 2554 praedicandum
1282 2492 1363 2550 gen-

160 2555 249 2619 tibus
264 2557 404 2637 gloriam
421 2569 513 2622 tuam
531 2562 656 2623 sociare
680 2561 837 2641 dignatus
853 2581 896 2623 es.
924 2561 1070 2622 concede
1095 2570 1131 2622 ut
1155 2579 1273 2621 omnes
1299 2560 1355 2640 qui

159 2645 202 2707 ad
219 2645 446 2725 apostolorum
463 2647 661 2730 sollempnia
677 2658 913 2710 conuenerunt.
931 2647 1072 2728 spiritali
1097 2647 1363 2709 remuneratione

160 2730 314 2794 ditentur.
333 2731 413 2814 per.¹

636 2900 713 2985 [An
739 2904 895 2967 Mlssnnr.
1216 2899 1273 2987 [so.
1295 2917 1362 2982 133.

206 3020 298 3084 Deus
313 3022 369 3102 qui
394 3021 587 3084 hodiernam
604 3023 692 3085 diem
710 3023 936 3104 apostolorum
959 3033 1092 3085 tuorum
1117 3022 1199 3103 petri
1216 3032 1249 3084 et
1273 3022 1360 3104 pauli

160 3110 321 3189 martyrio
336 3110 546 3171 consecrasti.
563 3111 607 3172 da
630 3109 770 3186 aeclesie
793 3122 870 3173 tuae
893 3131 1007 3173 eorum
1033 3112 1065 3172 in
1090 3110 1245 3171 omnibus
1268 3109 1361 3189 sequi

160 3206 385 3277 praeceptum.
402 3216 460 3277 per
475 3216 559 3277 quos
576 3196 743 3277 religionis
759 3199 901 3280 sumpsit
917 3198 1105 3260 exordium.
1122 3217 1188 3278 per.

692 3336 830 3398 Secreta.

206 3446 344 3511 Hostias
355 3449 489 3510 domine
499 3468 582 3529 quas
593 3449 718 3510 nomini
733 3459 791 3511 tuo
803 3450 981 3511 sacrandas
994 3448 1164 3511 offerimus
1177 3447 1361 3529 apostolica

159 3546 379 3615 prosequatur
405 3536 521 3597 orati0.
546 3555 727 3617 perquam
760 3556 820 3597 nos
851 3537 980 3617 expiari
1006 3536 1122 3598 tribuis
1154 3547 1187 3597 et
1218 3534 1360 3598 delendi.

159 3640 218 3701 per
234 3620 407 3683 dominum
430 3634 588 3685 nostrum.

646 3751 870 3833 [I'rarfutrb.²]

201 3850 267 3933 iffi
291 3862 424 3914 aeterne
439 3854 529 3915 deus,
568 3852 672 3935 Apud
688 3875 787 3935 quem
801 3876 876 3917 cum
894 3855 1066 3917 beatorum
1080 3850 1176 3934 apos·
1193 3853 1247 3934 [io.
1270 3870 1358 3932 133v.

158 3937 302 3999 tolorum
333 3940 527 4003 continuata
558 3939 730 4004 sestiuitas.
762 3942 987 4023 triumphique
1018 3941 1168 4003 caelestis
1200 3951 1359 4021 perpetua

156 4034 293 4088 aeterna
309 4026 352 4087 sit
368 4025 541 4090 celebritas
565 4028 660 4091 nobis
676 4040 788 4091 tamen
806 4049 919 4090 eorum
942 4028 1025 4090 festa
1041 4028 1158 4089 annuis
1176 4029 1360 4089 recursibus

157 4110 275 4173 tribuis
290 4111 505 4193 frequentare.
522 4124 607 4177 utet
624 4115 754 4177 illorum
771 4116 916 4197 passioni
939 4117 981 4177 sit
996 4116 1166 4177 ueneratio
1185 4136 1228 4175 ex
1246 4125 1358 4176 nostra

157 4196 346 4261 deuotione.
370 4210 403 4262 et
431 4201 525 4264 nobis
552 4203 715 4264 auxilium
741 4203 915 4283 proueniat
942 4204 984 4265 de
1011 4222 1125 4263 eorum
1150 4201 1358 4264 sanctissima

157 4284 402 4350 intercessione.
417 4308 477 4370 per
496 4287 664 4352 christum.

190 4406 199 4439 ¹
216 4410 273 4461 The
284 4412 357 4463 latter
368 4422 423 4477 part
434 4411 464 4461 ol
478 4413 521 4463 the
538 4422 607 4464 recto
623 4414 654 4465 os
669 4414 702 4465 lo.
728 4427 773 4479 132
793 4414 814 4463 is
835 4415 922 4473 blank,
944 4415 987 4465 the
1006 4431 1077 4465 verso
1097 4414 1118 4463 is
1135 4414 1256 4481 occupied
1273 4414 1307 4477 by
1323 4430 1357 4462 an

157 4474 332 4527 illumination.
363 4480 422 4537 (See
435 4478 505 4529 Plare
517 4480 575 4539 XI).

189 4540 201 4573 ²
219 4541 338 4607 Heeding
348 4542 454 4594 omitted
464 4544 491 4593 in
503 4545 559 4595 MS.
