<?xml version="1.0" encoding="UTF-8"?>
<!DOCTYPE html PUBLIC "-//W3C//DTD XHTML 1.0 Transitional//EN"
    "http://www.w3.org/TR/xhtml1/DTD/xhtml1-transitional.dtd">
<html xmlns="http://www.w3.org/1999/xhtml" xml:lang="en" lang="en">
 <head>
  <title>
</title>
<meta http-equiv="Content-Type" content="text/html;charset=utf-8" />
  <meta name='ocr-system' content='tesseract 3.04.00' />
  <meta name='ocr-capabilities' content='ocr_page ocr_carea ocr_par ocr_line ocrx_word'/>
</head>
<body>
  <div class='ocr_page' id='page_1' title='image "./missalrobertjum00wilsgoog_0373.png"; bbox 0 0 3038 5106; ppageno 0'>
   <div class='ocr_carea' id='block_1_1' title="bbox 510 342 1316 409">
    <p class='ocr_par' dir='ltr' id='par_1_1' title="bbox 510 342 1316 409">
     <span class='ocr_line' id='line_1_1' title="bbox 510 342 1316 409; baseline 0 -14"><span class='ocrx_word' id='word_1_1' title='bbox 510 342 653 395; x_wconf 72' lang='lat' dir='ltr'>onemo</span> <span class='ocrx_word' id='word_1_2' title='bbox 671 342 930 395; x_wconf 68' lang='lat' dir='ltr'>turrenorum</span> <span class='ocrx_word' id='word_1_3' title='bbox 1268 358 1316 409; x_wconf 63' lang='grc' dir='ltr'>ιρι</span> 
     </span>
    </p>
   </div>
   <div class='ocr_carea' id='block_1_2' title="bbox 118 494 1318 668">
    <p class='ocr_par' dir='ltr' id='par_1_2' title="bbox 118 494 1318 668">
     <span class='ocr_line' id='line_1_2' title="bbox 118 494 1318 583; baseline 0 -20"><span class='ocrx_word' id='word_1_4' title='bbox 118 496 212 571; x_wconf 87' lang='lat' dir='ltr'>omni</span> <span class='ocrx_word' id='word_1_5' title='bbox 245 496 441 561; x_wconf 80' lang='lat' dir='ltr'>necessitate</span> <span class='ocrx_word' id='word_1_6' title='bbox 471 515 649 578; x_wconf 83' lang='lat' dir='ltr'>corporeae</span> <span class='ocrx_word' id='word_1_7' title='bbox 678 494 879 563; x_wconf 87' lang='lat' dir='ltr'>infirmitatis</span> <span class='ocrx_word' id='word_1_8' title='bbox 910 497 1046 562; x_wconf 88' lang='lat' dir='ltr'>exclusa</span> <span class='ocrx_word' id='word_1_9' title='bbox 1074 499 1182 583; x_wconf 88' lang='lat' dir='ltr'>gratia</span> <span class='ocrx_word' id='word_1_10' title='bbox 1211 499 1246 563; x_wconf 92' lang='lat' dir='ltr'>in</span> <span class='ocrx_word' id='word_1_11' title='bbox 1276 520 1318 563; x_wconf 89' lang='lat' dir='ltr'>eo</span> 
     </span>
     <span class='ocr_line' id='line_1_3' title="bbox 119 580 881 668; baseline 0.003 -21"><span class='ocrx_word' id='word_1_12' title='bbox 119 584 279 668; x_wconf 86' lang='lat' dir='ltr'>pristinae</span> <span class='ocrx_word' id='word_1_13' title='bbox 293 584 445 647; x_wconf 91' lang='lat' dir='ltr'>sanitatis</span> <span class='ocrx_word' id='word_1_14' title='bbox 459 580 605 665; x_wconf 82' lang='lat' dir='ltr'>perlecta</span> <span class='ocrx_word' id='word_1_15' title='bbox 620 594 798 667; x_wconf 86' lang='lat' dir='ltr'>reparetur,</span> <span class='ocrx_word' id='word_1_16' title='bbox 813 605 881 668; x_wconf 88' lang='lat' dir='ltr'>per.</span> 
     </span>
    </p>
   </div>
   <div class='ocr_carea' id='block_1_3' title="bbox 122 668 1315 926">
    <p class='ocr_par' dir='ltr' id='par_1_3' title="bbox 122 668 1315 926">
     <span class='ocr_line' id='line_1_4' title="bbox 162 668 1315 755; baseline 0.001 -21"><span class='ocrx_word' id='word_1_17' title='bbox 162 671 244 735; x_wconf 82' lang='lat' dir='ltr'>Ant.</span> <span class='ocrx_word' id='word_1_18' title='bbox 267 670 377 752; x_wconf 89' lang='lat' dir='ltr'>Opem</span> <span class='ocrx_word' id='word_1_19' title='bbox 394 669 478 733; x_wconf 85' lang='lat' dir='ltr'>ierat</span> <span class='ocrx_word' id='word_1_20' title='bbox 501 668 577 733; x_wconf 92' lang='lat' dir='ltr'>huic</span> <span class='ocrx_word' id='word_1_21' title='bbox 594 670 725 734; x_wconf 88' lang='lat' dir='ltr'>infirmo</span> <span class='ocrx_word' id='word_1_22' title='bbox 739 673 822 735; x_wconf 92' lang='lat' dir='ltr'>deus</span> <span class='ocrx_word' id='word_1_23' title='bbox 837 692 936 755; x_wconf 89' lang='lat' dir='ltr'>super</span> <span class='ocrx_word' id='word_1_24' title='bbox 957 672 1079 736; x_wconf 91' lang='lat' dir='ltr'>lectum</span> <span class='ocrx_word' id='word_1_25' title='bbox 1094 672 1218 737; x_wconf 90' lang='lat' dir='ltr'>doloris</span> <span class='ocrx_word' id='word_1_26' title='bbox 1237 672 1315 736; x_wconf 91' lang='lat' dir='ltr'>eius.</span> 
     </span>
     <span class='ocr_line' id='line_1_5' title="bbox 122 756 796 841; baseline 0 -19"><span class='ocrx_word' id='word_1_27' title='bbox 122 758 200 841; x_wconf 91' lang='lat' dir='ltr'>lpse</span> <span class='ocrx_word' id='word_1_28' title='bbox 214 766 387 821; x_wconf 87' lang='lat' dir='ltr'>conseruet</span> <span class='ocrx_word' id='word_1_29' title='bbox 402 776 479 819; x_wconf 91' lang='lat' dir='ltr'>eum</span> <span class='ocrx_word' id='word_1_30' title='bbox 495 767 528 820; x_wconf 94' lang='lat' dir='ltr'>et</span> <span class='ocrx_word' id='word_1_31' title='bbox 551 756 698 822; x_wconf 89' lang='lat' dir='ltr'>uiuificet</span> <span class='ocrx_word' id='word_1_32' title='bbox 712 778 796 822; x_wconf 91' lang='lat' dir='ltr'>eum.</span> 
     </span>
     <span class='ocr_line' id='line_1_6' title="bbox 162 844 653 926; baseline 0 -18"><span class='ocrx_word' id='word_1_33' title='bbox 162 844 255 908; x_wconf 87' lang='lat' dir='ltr'>Psal.</span> <span class='ocrx_word' id='word_1_34' title='bbox 278 844 402 907; x_wconf 86' lang='lat' dir='ltr'>Beatus</span> <span class='ocrx_word' id='word_1_35' title='bbox 417 844 473 925; x_wconf 92' lang='lat' dir='ltr'>qui</span> <span class='ocrx_word' id='word_1_36' title='bbox 490 844 653 926; x_wconf 86' lang='lat' dir='ltr'>intelligit</span> 
     </span>
    </p>
   </div>
   <div class='ocr_carea' id='block_1_4' title="bbox 528 964 806 1029">
    <p class='ocr_par' dir='ltr' id='par_1_4' title="bbox 528 964 806 1029">
     <span class='ocr_line' id='line_1_7' title="bbox 528 964 806 1029; baseline 0.007 -2"><span class='ocrx_word' id='word_1_37' title='bbox 528 975 531 979; x_wconf 82' lang='grc'><em>’</em></span> <span class='ocrx_word' id='word_1_38' title='bbox 631 964 714 1028; x_wconf 80' lang='lat' dir='ltr'>Item</span> <span class='ocrx_word' id='word_1_39' title='bbox 729 966 806 1029; x_wconf 73' lang='lat' dir='ltr'>altit.</span> 
     </span>
    </p>
   </div>
   <div class='ocr_carea' id='block_1_5' title="bbox 119 1067 1319 1588">
    <p class='ocr_par' dir='ltr' id='par_1_5' title="bbox 119 1067 1319 1414">
     <span class='ocr_line' id='line_1_8' title="bbox 165 1067 1318 1151; baseline 0.002 -19"><span class='ocrx_word' id='word_1_40' title='bbox 165 1069 258 1133; x_wconf 91' lang='lat' dir='ltr'>Deus</span> <span class='ocrx_word' id='word_1_41' title='bbox 273 1069 329 1151; x_wconf 92' lang='lat' dir='ltr'>qui</span> <span class='ocrx_word' id='word_1_42' title='bbox 355 1067 501 1131; x_wconf 85' lang='lat' dir='ltr'>iacturae</span> <span class='ocrx_word' id='word_1_43' title='bbox 516 1077 594 1131; x_wconf 90' lang='lat' dir='ltr'>tuae</span> <span class='ocrx_word' id='word_1_44' title='bbox 620 1070 675 1150; x_wconf 94' lang='lat' dir='ltr'>pio</span> <span class='ocrx_word' id='word_1_45' title='bbox 701 1089 832 1151; x_wconf 86' lang='lat' dir='ltr'>semper</span> <span class='ocrx_word' id='word_1_46' title='bbox 853 1069 1034 1134; x_wconf 89' lang='lat' dir='ltr'>dominaris</span> <span class='ocrx_word' id='word_1_47' title='bbox 1050 1070 1179 1135; x_wconf 86' lang='lat' dir='ltr'>affectu.</span> <span class='ocrx_word' id='word_1_48' title='bbox 1196 1070 1318 1134; x_wconf 89' lang='lat' dir='ltr'>inclina</span> 
     </span>
     <span class='ocr_line' id='line_1_9' title="bbox 119 1155 1319 1238; baseline 0.001 -18"><span class='ocrx_word' id='word_1_49' title='bbox 119 1176 234 1221; x_wconf 91' lang='lat' dir='ltr'>aurem</span> <span class='ocrx_word' id='word_1_50' title='bbox 251 1165 342 1219; x_wconf 90' lang='lat' dir='ltr'>tuam</span> <span class='ocrx_word' id='word_1_51' title='bbox 355 1155 653 1238; x_wconf 91' lang='lat' dir='ltr'>supplicationibus</span> <span class='ocrx_word' id='word_1_52' title='bbox 663 1157 783 1219; x_wconf 91' lang='lat' dir='ltr'>nostris</span> <span class='ocrx_word' id='word_1_53' title='bbox 798 1167 832 1219; x_wconf 92' lang='lat' dir='ltr'>et</span> <span class='ocrx_word' id='word_1_54' title='bbox 843 1156 1004 1221; x_wconf 79' lang='lat' dir='ltr'>famulum</span> <span class='ocrx_word' id='word_1_55' title='bbox 1014 1168 1109 1221; x_wconf 93' lang='lat' dir='ltr'>tuum</span> <span class='ocrx_word' id='word_1_56' title='bbox 1119 1178 1163 1220; x_wconf 90' lang='lat' dir='ltr'>ex</span> <span class='ocrx_word' id='word_1_57' title='bbox 1179 1159 1319 1221; x_wconf 89' lang='lat' dir='ltr'>aduersa</span> 
     </span>
     <span class='ocr_line' id='line_1_10' title="bbox 120 1242 1314 1326; baseline 0.001 -19"><span class='ocrx_word' id='word_1_58' title='bbox 120 1243 304 1307; x_wconf 89' lang='lat' dir='ltr'>ualitudine</span> <span class='ocrx_word' id='word_1_59' title='bbox 333 1243 478 1324; x_wconf 91' lang='lat' dir='ltr'>corporis</span> <span class='ocrx_word' id='word_1_60' title='bbox 510 1242 715 1305; x_wconf 87' lang='lat' dir='ltr'>laborantem</span> <span class='ocrx_word' id='word_1_61' title='bbox 746 1242 897 1324; x_wconf 87' lang='lat' dir='ltr'>placatus</span> <span class='ocrx_word' id='word_1_62' title='bbox 927 1245 1059 1326; x_wconf 88' lang='lat' dir='ltr'>respice.</span> <span class='ocrx_word' id='word_1_63' title='bbox 1090 1256 1123 1308; x_wconf 91' lang='lat' dir='ltr'>et</span> <span class='ocrx_word' id='word_1_64' title='bbox 1154 1246 1252 1308; x_wconf 90' lang='lat' dir='ltr'>uisita</span> <span class='ocrx_word' id='word_1_65' title='bbox 1282 1246 1314 1308; x_wconf 92' lang='lat' dir='ltr'>in</span> 
     </span>
     <span class='ocr_line' id='line_1_11' title="bbox 120 1329 1145 1414; baseline 0.002 -21"><span class='ocrx_word' id='word_1_66' title='bbox 120 1330 257 1394; x_wconf 90' lang='lat' dir='ltr'>salutari</span> <span class='ocrx_word' id='word_1_67' title='bbox 273 1339 330 1391; x_wconf 92' lang='lat' dir='ltr'>tuo</span> <span class='ocrx_word' id='word_1_68' title='bbox 346 1350 384 1391; x_wconf 92' lang='lat' dir='ltr'>ac</span> <span class='ocrx_word' id='word_1_69' title='bbox 400 1329 550 1392; x_wconf 88' lang='lat' dir='ltr'>caelestis</span> <span class='ocrx_word' id='word_1_70' title='bbox 566 1330 692 1410; x_wconf 89' lang='lat' dir='ltr'>gratiae</span> <span class='ocrx_word' id='word_1_71' title='bbox 707 1340 839 1412; x_wconf 88' lang='lat' dir='ltr'>praesta</span> <span class='ocrx_word' id='word_1_72' title='bbox 855 1333 1062 1395; x_wconf 90' lang='lat' dir='ltr'>medicinam.</span> <span class='ocrx_word' id='word_1_73' title='bbox 1079 1352 1145 1414; x_wconf 93' lang='lat' dir='ltr'>per.</span> 
     </span>
    </p>

    <p class='ocr_par' dir='ltr' id='par_1_6' title="bbox 119 1416 1318 1588">
     <span class='ocr_line' id='line_1_12' title="bbox 163 1416 1318 1499; baseline 0.002 -19"><span class='ocrx_word' id='word_1_74' title='bbox 163 1418 243 1480; x_wconf 85' lang='lat' dir='ltr'>Ant.</span> <span class='ocrx_word' id='word_1_75' title='bbox 267 1416 435 1480; x_wconf 91' lang='lat' dir='ltr'>Dominus</span> <span class='ocrx_word' id='word_1_76' title='bbox 472 1416 601 1478; x_wconf 89' lang='lat' dir='ltr'>locutus</span> <span class='ocrx_word' id='word_1_77' title='bbox 630 1426 681 1479; x_wconf 92' lang='lat' dir='ltr'>est</span> <span class='ocrx_word' id='word_1_78' title='bbox 711 1418 880 1499; x_wconf 91' lang='lat' dir='ltr'>discipulis</span> <span class='ocrx_word' id='word_1_79' title='bbox 910 1419 977 1481; x_wconf 92' lang='lat' dir='ltr'>suis</span> <span class='ocrx_word' id='word_1_80' title='bbox 1015 1420 1046 1482; x_wconf 93' lang='lat' dir='ltr'>in</span> <span class='ocrx_word' id='word_1_81' title='bbox 1079 1420 1213 1482; x_wconf 91' lang='lat' dir='ltr'>nomine</span> <span class='ocrx_word' id='word_1_82' title='bbox 1243 1439 1318 1482; x_wconf 92' lang='lat' dir='ltr'>meo</span> 
     </span>
     <span class='ocr_line' id='line_1_13' title="bbox 119 1504 1318 1588; baseline 0 -20"><span class='ocrx_word' id='word_1_83' title='bbox 119 1505 297 1568; x_wconf 90' lang='lat' dir='ltr'>daemonia</span> <span class='ocrx_word' id='word_1_84' title='bbox 319 1504 415 1566; x_wconf 88' lang='lat' dir='ltr'>eicite</span> <span class='ocrx_word' id='word_1_85' title='bbox 435 1511 469 1565; x_wconf 92' lang='lat' dir='ltr'>et</span> <span class='ocrx_word' id='word_1_86' title='bbox 491 1522 590 1585; x_wconf 91' lang='lat' dir='ltr'>super</span> <span class='ocrx_word' id='word_1_87' title='bbox 605 1522 721 1585; x_wconf 89' lang='lat' dir='ltr'>aegros</span> <span class='ocrx_word' id='word_1_88' title='bbox 738 1524 856 1568; x_wconf 88' lang='lat' dir='ltr'>manus</span> <span class='ocrx_word' id='word_1_89' title='bbox 872 1516 997 1569; x_wconf 91' lang='lat' dir='ltr'>uestras</span> <span class='ocrx_word' id='word_1_90' title='bbox 1014 1507 1162 1588; x_wconf 91' lang='lat' dir='ltr'>inponite</span> <span class='ocrx_word' id='word_1_91' title='bbox 1177 1517 1210 1569; x_wconf 90' lang='lat' dir='ltr'>et</span> <span class='ocrx_word' id='word_1_92' title='bbox 1234 1507 1318 1569; x_wconf 86' lang='lat' dir='ltr'>bene</span> 
     </span>
    </p>
   </div>
   <div class='ocr_carea' id='block_1_6' title="bbox 118 1590 539 1742">
    <p class='ocr_par' dir='ltr' id='par_1_7' title="bbox 118 1590 539 1742">
     <span class='ocr_line' id='line_1_14' title="bbox 118 1590 297 1655; baseline -0.006 -1"><span class='ocrx_word' id='word_1_93' title='bbox 118 1590 297 1655; x_wconf 89' lang='lat' dir='ltr'>habebunt.</span> 
     </span>
     <span class='ocr_line' id='line_1_15' title="bbox 163 1677 539 1742; baseline 0 -1"><span class='ocrx_word' id='word_1_94' title='bbox 163 1678 255 1742; x_wconf 87' lang='lat' dir='ltr'>Psal.</span> <span class='ocrx_word' id='word_1_95' title='bbox 278 1677 371 1741; x_wconf 91' lang='lat' dir='ltr'>Deus</span> <span class='ocrx_word' id='word_1_96' title='bbox 392 1678 539 1741; x_wconf 88' lang='lat' dir='ltr'>deorum.</span> 
     </span>
    </p>
   </div>
   <div class='ocr_carea' id='block_1_7' title="bbox 685 1781 776 1844">
    <p class='ocr_par' dir='ltr' id='par_1_8' title="bbox 685 1781 776 1844">
     <span class='ocr_line' id='line_1_16' title="bbox 685 1781 776 1844; baseline 0.011 -1"><span class='ocrx_word' id='word_1_97' title='bbox 685 1781 776 1844; x_wconf 82' lang='lat' dir='ltr'>Alia.</span> 
     </span>
    </p>
   </div>
   <div class='ocr_carea' id='block_1_8' title="bbox 120 1884 1319 2383">
    <p class='ocr_par' dir='ltr' id='par_1_9' title="bbox 120 1884 1319 2227">
     <span class='ocr_line' id='line_1_17' title="bbox 165 1884 1318 1969; baseline -0.002 -20"><span class='ocrx_word' id='word_1_98' title='bbox 165 1885 259 1949; x_wconf 92' lang='lat' dir='ltr'>Deus</span> <span class='ocrx_word' id='word_1_99' title='bbox 273 1886 329 1969; x_wconf 93' lang='lat' dir='ltr'>qui</span> <span class='ocrx_word' id='word_1_100' title='bbox 353 1884 501 1947; x_wconf 90' lang='lat' dir='ltr'>humano</span> <span class='ocrx_word' id='word_1_101' title='bbox 515 1884 627 1966; x_wconf 84' lang='lat' dir='ltr'>generi</span> <span class='ocrx_word' id='word_1_102' title='bbox 643 1894 677 1948; x_wconf 91' lang='lat' dir='ltr'>et</span> <span class='ocrx_word' id='word_1_103' title='bbox 693 1884 808 1948; x_wconf 87' lang='lat' dir='ltr'>salutis</span> <span class='ocrx_word' id='word_1_104' title='bbox 825 1886 1006 1949; x_wconf 90' lang='lat' dir='ltr'>remedium</span> <span class='ocrx_word' id='word_1_105' title='bbox 1023 1897 1056 1949; x_wconf 90' lang='lat' dir='ltr'>et</span> <span class='ocrx_word' id='word_1_106' title='bbox 1080 1887 1148 1964; x_wconf 75' lang='lat' dir='ltr'>uite</span> <span class='ocrx_word' id='word_1_107' title='bbox 1164 1897 1318 1949; x_wconf 85' lang='lat' dir='ltr'>aeternae</span> 
     </span>
     <span class='ocr_line' id='line_1_18' title="bbox 121 1970 1319 2037; baseline -0.001 -1"><span class='ocrx_word' id='word_1_108' title='bbox 121 1993 258 2036; x_wconf 89' lang='lat' dir='ltr'>munera</span> <span class='ocrx_word' id='word_1_109' title='bbox 296 1970 471 2034; x_wconf 88' lang='lat' dir='ltr'>contulisti.</span> <span class='ocrx_word' id='word_1_110' title='bbox 509 1991 670 2034; x_wconf 90' lang='lat' dir='ltr'>conserua</span> <span class='ocrx_word' id='word_1_111' title='bbox 711 1971 836 2034; x_wconf 79' lang='lat' dir='ltr'>famulo</span> <span class='ocrx_word' id='word_1_112' title='bbox 873 1983 939 2035; x_wconf 93' lang='lat' dir='ltr'>tuo.</span> <span class='ocrx_word' id='word_1_113' title='bbox 977 1973 1022 2036; x_wconf 85' lang='lat' dir='ltr'>ill.</span> <span class='ocrx_word' id='word_1_114' title='bbox 1060 1983 1191 2037; x_wconf 91' lang='lat' dir='ltr'>tuarum</span> <span class='ocrx_word' id='word_1_115' title='bbox 1230 1975 1319 2035; x_wconf 91' lang='lat' dir='ltr'>dona</span> 
     </span>
     <span class='ocr_line' id='line_1_19' title="bbox 120 2058 1317 2142; baseline 0 -19"><span class='ocrx_word' id='word_1_116' title='bbox 120 2062 290 2123; x_wconf 87' lang='lat' dir='ltr'>uirtutum.</span> <span class='ocrx_word' id='word_1_117' title='bbox 314 2069 347 2121; x_wconf 92' lang='lat' dir='ltr'>et</span> <span class='ocrx_word' id='word_1_118' title='bbox 370 2058 515 2120; x_wconf 91' lang='lat' dir='ltr'>concede</span> <span class='ocrx_word' id='word_1_119' title='bbox 538 2068 574 2120; x_wconf 93' lang='lat' dir='ltr'>ut</span> <span class='ocrx_word' id='word_1_120' title='bbox 598 2058 761 2121; x_wconf 89' lang='lat' dir='ltr'>medelam</span> <span class='ocrx_word' id='word_1_121' title='bbox 786 2069 878 2122; x_wconf 92' lang='lat' dir='ltr'>tuam</span> <span class='ocrx_word' id='word_1_122' title='bbox 903 2079 968 2122; x_wconf 90' lang='lat' dir='ltr'>non</span> <span class='ocrx_word' id='word_1_123' title='bbox 992 2060 1099 2123; x_wconf 92' lang='lat' dir='ltr'>solum</span> <span class='ocrx_word' id='word_1_124' title='bbox 1124 2062 1156 2123; x_wconf 89' lang='lat' dir='ltr'>in</span> <span class='ocrx_word' id='word_1_125' title='bbox 1181 2081 1317 2142; x_wconf 90' lang='lat' dir='ltr'>corpore</span> 
     </span>
     <span class='ocr_line' id='line_1_20' title="bbox 120 2146 756 2227; baseline -0.002 -17"><span class='ocrx_word' id='word_1_126' title='bbox 120 2166 236 2210; x_wconf 92' lang='lat' dir='ltr'>uerum</span> <span class='ocrx_word' id='word_1_127' title='bbox 252 2147 352 2209; x_wconf 91' lang='lat' dir='ltr'>etiam</span> <span class='ocrx_word' id='word_1_128' title='bbox 369 2146 402 2207; x_wconf 89' lang='lat' dir='ltr'>in</span> <span class='ocrx_word' id='word_1_129' title='bbox 418 2146 530 2207; x_wconf 89' lang='lat' dir='ltr'>anima</span> <span class='ocrx_word' id='word_1_130' title='bbox 544 2146 673 2208; x_wconf 90' lang='lat' dir='ltr'>sentiat.</span> <span class='ocrx_word' id='word_1_131' title='bbox 689 2166 756 2227; x_wconf 91' lang='lat' dir='ltr'>per.</span> 
     </span>
    </p>

    <p class='ocr_par' dir='ltr' id='par_1_10' title="bbox 164 2231 1143 2315">
     <span class='ocr_line' id='line_1_21' title="bbox 164 2231 1143 2315; baseline 0.003 -21"><span class='ocrx_word' id='word_1_132' title='bbox 164 2233 245 2296; x_wconf 83' lang='lat' dir='ltr'>Ant.</span> <span class='ocrx_word' id='word_1_133' title='bbox 270 2233 335 2297; x_wconf 88' lang='lat' dir='ltr'>Cor</span> <span class='ocrx_word' id='word_1_134' title='bbox 350 2233 528 2294; x_wconf 88' lang='lat' dir='ltr'>contritum</span> <span class='ocrx_word' id='word_1_135' title='bbox 545 2242 579 2295; x_wconf 90' lang='lat' dir='ltr'>et</span> <span class='ocrx_word' id='word_1_136' title='bbox 594 2231 804 2295; x_wconf 90' lang='lat' dir='ltr'>humiliatum</span> <span class='ocrx_word' id='word_1_137' title='bbox 821 2233 903 2297; x_wconf 88' lang='lat' dir='ltr'>deus</span> <span class='ocrx_word' id='word_1_138' title='bbox 927 2252 993 2296; x_wconf 91' lang='lat' dir='ltr'>non</span> <span class='ocrx_word' id='word_1_139' title='bbox 1010 2235 1143 2315; x_wconf 90' lang='lat' dir='ltr'>spernit.</span> 
     </span>
    </p>

    <p class='ocr_par' dir='ltr' id='par_1_11' title="bbox 164 2317 822 2383">
     <span class='ocr_line' id='line_1_22' title="bbox 164 2317 822 2383; baseline -0.002 0"><span class='ocrx_word' id='word_1_140' title='bbox 164 2320 254 2383; x_wconf 81' lang='lat' dir='ltr'>Psal.</span> <span class='ocrx_word' id='word_1_141' title='bbox 279 2319 437 2381; x_wconf 86' lang='lat' dir='ltr'>Miserere</span> <span class='ocrx_word' id='word_1_142' title='bbox 453 2319 517 2380; x_wconf 90' lang='lat' dir='ltr'>mei</span> <span class='ocrx_word' id='word_1_143' title='bbox 533 2317 616 2382; x_wconf 89' lang='lat' dir='ltr'>deus</span> <span class='ocrx_word' id='word_1_144' title='bbox 631 2321 822 2383; x_wconf 91' lang='lat' dir='ltr'>secundum.</span> 
     </span>
    </p>
   </div>
   <div class='ocr_carea' id='block_1_9' title="bbox 683 2438 773 2503">
    <p class='ocr_par' dir='ltr' id='par_1_12' title="bbox 683 2438 773 2503">
     <span class='ocr_line' id='line_1_23' title="bbox 683 2438 773 2503; baseline 0.033 -3"><span class='ocrx_word' id='word_1_145' title='bbox 683 2438 773 2503; x_wconf 80' lang='lat' dir='ltr'>Alia.</span> 
     </span>
    </p>
   </div>
   <div class='ocr_carea' id='block_1_10' title="bbox 119 2542 1318 3217">
    <p class='ocr_par' dir='ltr' id='par_1_13' title="bbox 119 2542 1318 2978">
     <span class='ocr_line' id='line_1_24' title="bbox 165 2542 1315 2625; baseline 0.002 -17"><span class='ocrx_word' id='word_1_146' title='bbox 165 2544 338 2609; x_wconf 91' lang='lat' dir='ltr'>Uirtutum</span> <span class='ocrx_word' id='word_1_147' title='bbox 355 2542 546 2605; x_wconf 89' lang='lat' dir='ltr'>caelestium</span> <span class='ocrx_word' id='word_1_148' title='bbox 562 2543 652 2606; x_wconf 89' lang='lat' dir='ltr'>deus.</span> <span class='ocrx_word' id='word_1_149' title='bbox 669 2544 725 2624; x_wconf 94' lang='lat' dir='ltr'>qui</span> <span class='ocrx_word' id='word_1_150' title='bbox 747 2544 791 2606; x_wconf 91' lang='lat' dir='ltr'>ab</span> <span class='ocrx_word' id='word_1_151' title='bbox 805 2543 959 2606; x_wconf 91' lang='lat' dir='ltr'>humanis</span> <span class='ocrx_word' id='word_1_152' title='bbox 975 2545 1167 2625; x_wconf 89' lang='lat' dir='ltr'>corporibus</span> <span class='ocrx_word' id='word_1_153' title='bbox 1182 2566 1315 2610; x_wconf 86' lang='lat' dir='ltr'>omnem</span> 
     </span>
     <span class='ocr_line' id='line_1_25' title="bbox 121 2628 1318 2712; baseline 0 -16"><span class='ocrx_word' id='word_1_154' title='bbox 121 2633 314 2712; x_wconf 82' lang='lat' dir='ltr'>languorem</span> <span class='ocrx_word' id='word_1_155' title='bbox 338 2640 371 2692; x_wconf 92' lang='lat' dir='ltr'>et</span> <span class='ocrx_word' id='word_1_156' title='bbox 392 2648 526 2691; x_wconf 92' lang='lat' dir='ltr'>omnem</span> <span class='ocrx_word' id='word_1_157' title='bbox 551 2628 776 2692; x_wconf 86' lang='lat' dir='ltr'>infirmitatem</span> <span class='ocrx_word' id='word_1_158' title='bbox 801 2630 967 2712; x_wconf 86' lang='lat' dir='ltr'>praecepti</span> <span class='ocrx_word' id='word_1_159' title='bbox 987 2632 1034 2692; x_wconf 94' lang='lat' dir='ltr'>tui</span> <span class='ocrx_word' id='word_1_160' title='bbox 1059 2641 1225 2712; x_wconf 86' lang='lat' dir='ltr'>potestate</span> <span class='ocrx_word' id='word_1_161' title='bbox 1248 2631 1318 2696; x_wconf 88' lang='lat' dir='ltr'>de·¹</span> 
     </span>
     <span class='ocr_line' id='line_1_26' title="bbox 121 2715 1317 2802; baseline 0.002 -21"><span class='ocrx_word' id='word_1_162' title='bbox 121 2719 225 2802; x_wconf 88' lang='lat' dir='ltr'>pellis.</span> <span class='ocrx_word' id='word_1_163' title='bbox 243 2719 359 2780; x_wconf 86' lang='lat' dir='ltr'>adesto</span> <span class='ocrx_word' id='word_1_164' title='bbox 374 2717 537 2798; x_wconf 85' lang='lat' dir='ltr'>propitius</span> <span class='ocrx_word' id='word_1_165' title='bbox 553 2715 628 2779; x_wconf 93' lang='lat' dir='ltr'>huic</span> <span class='ocrx_word' id='word_1_166' title='bbox 651 2716 776 2779; x_wconf 80' lang='lat' dir='ltr'>famulo</span> <span class='ocrx_word' id='word_1_167' title='bbox 799 2726 865 2779; x_wconf 91' lang='lat' dir='ltr'>tuo.</span> <span class='ocrx_word' id='word_1_168' title='bbox 883 2717 923 2780; x_wconf 90' lang='lat' dir='ltr'>N.</span> <span class='ocrx_word' id='word_1_169' title='bbox 941 2727 978 2779; x_wconf 93' lang='lat' dir='ltr'>ut</span> <span class='ocrx_word' id='word_1_170' title='bbox 1001 2716 1123 2800; x_wconf 86' lang='lat' dir='ltr'>iugatis</span> <span class='ocrx_word' id='word_1_171' title='bbox 1147 2717 1317 2783; x_wconf 88' lang='lat' dir='ltr'>infirmita-</span> 
     </span>
     <span class='ocr_line' id='line_1_27' title="bbox 122 2802 1317 2889; baseline 0 -19"><span class='ocrx_word' id='word_1_172' title='bbox 122 2807 210 2871; x_wconf 85' lang='lat' dir='ltr'>tibus</span> <span class='ocrx_word' id='word_1_173' title='bbox 225 2816 259 2872; x_wconf 90' lang='lat' dir='ltr'>et</span> <span class='ocrx_word' id='word_1_174' title='bbox 279 2802 404 2867; x_wconf 87' lang='lat' dir='ltr'>uiribus</span> <span class='ocrx_word' id='word_1_175' title='bbox 427 2803 575 2885; x_wconf 87' lang='lat' dir='ltr'>receptis.</span> <span class='ocrx_word' id='word_1_176' title='bbox 598 2823 720 2865; x_wconf 89' lang='lat' dir='ltr'>nomen</span> <span class='ocrx_word' id='word_1_177' title='bbox 743 2813 895 2866; x_wconf 89' lang='lat' dir='ltr'>sanctum</span> <span class='ocrx_word' id='word_1_178' title='bbox 919 2812 1015 2867; x_wconf 94' lang='lat' dir='ltr'>tuum</span> <span class='ocrx_word' id='word_1_179' title='bbox 1038 2805 1221 2869; x_wconf 86' lang='lat' dir='ltr'>instaurata</span> <span class='ocrx_word' id='word_1_180' title='bbox 1243 2828 1317 2889; x_wconf 91' lang='lat' dir='ltr'>pro-</span> 
     </span>
     <span class='ocr_line' id='line_1_28' title="bbox 119 2889 1317 2978; baseline 0.001 -22"><span class='ocrx_word' id='word_1_181' title='bbox 119 2892 225 2978; x_wconf 81' lang='lat' dir='ltr'>ltinus</span> <span class='ocrx_word' id='word_1_182' title='bbox 245 2892 388 2953; x_wconf 91' lang='lat' dir='ltr'>sanitate</span> <span class='ocrx_word' id='word_1_183' title='bbox 405 2889 586 2953; x_wconf 88' lang='lat' dir='ltr'>benedicat.</span> <span class='ocrx_word' id='word_1_184' title='bbox 604 2910 671 2971; x_wconf 90' lang='lat' dir='ltr'>per.</span> <span class='ocrx_word' id='word_1_185' title='bbox 1172 2891 1228 2974; x_wconf 84' lang='lat' dir='ltr'>[lo.</span> <span class='ocrx_word' id='word_1_186' title='bbox 1246 2911 1317 2958; x_wconf 87' lang='lat'>210.</span> 
     </span>
    </p>

    <p class='ocr_par' dir='ltr' id='par_1_14' title="bbox 120 2975 1316 3146">
     <span class='ocr_line' id='line_1_29' title="bbox 162 2975 1316 3061; baseline 0.001 -19"><span class='ocrx_word' id='word_1_187' title='bbox 162 2979 244 3042; x_wconf 85' lang='lat' dir='ltr'>Ant.</span> <span class='ocrx_word' id='word_1_188' title='bbox 269 2975 408 3042; x_wconf 90' lang='lat' dir='ltr'>Saluum</span> <span class='ocrx_word' id='word_1_189' title='bbox 426 2976 476 3038; x_wconf 86' lang='lat' dir='ltr'>lac</span> <span class='ocrx_word' id='word_1_190' title='bbox 492 2996 623 3038; x_wconf 89' lang='lat' dir='ltr'>seruum</span> <span class='ocrx_word' id='word_1_191' title='bbox 647 2986 741 3039; x_wconf 93' lang='lat' dir='ltr'>tuum</span> <span class='ocrx_word' id='word_1_192' title='bbox 761 2976 897 3039; x_wconf 90' lang='lat' dir='ltr'>domine</span> <span class='ocrx_word' id='word_1_193' title='bbox 915 2978 997 3040; x_wconf 91' lang='lat' dir='ltr'>deus</span> <span class='ocrx_word' id='word_1_194' title='bbox 1014 2998 1106 3041; x_wconf 90' lang='lat' dir='ltr'>meus</span> <span class='ocrx_word' id='word_1_195' title='bbox 1129 2990 1316 3061; x_wconf 89' lang='lat' dir='ltr'>sperantem</span> 
     </span>
     <span class='ocr_line' id='line_1_30' title="bbox 120 3064 1019 3146; baseline -0.003 -16"><span class='ocrx_word' id='word_1_196' title='bbox 120 3068 154 3131; x_wconf 93' lang='lat' dir='ltr'>in</span> <span class='ocrx_word' id='word_1_197' title='bbox 170 3076 204 3129; x_wconf 92' lang='lat' dir='ltr'>te</span> <span class='ocrx_word' id='word_1_198' title='bbox 220 3064 350 3128; x_wconf 89' lang='lat' dir='ltr'>custodi</span> <span class='ocrx_word' id='word_1_199' title='bbox 366 3064 512 3125; x_wconf 87' lang='lat' dir='ltr'>animam</span> <span class='ocrx_word' id='word_1_200' title='bbox 523 3065 592 3125; x_wconf 88' lang='lat' dir='ltr'>eius</span> <span class='ocrx_word' id='word_1_201' title='bbox 608 3064 766 3143; x_wconf 88' lang='lat' dir='ltr'>quoniam</span> <span class='ocrx_word' id='word_1_202' title='bbox 784 3064 816 3126; x_wconf 93' lang='lat' dir='ltr'>in</span> <span class='ocrx_word' id='word_1_203' title='bbox 834 3074 868 3127; x_wconf 89' lang='lat' dir='ltr'>te</span> <span class='ocrx_word' id='word_1_204' title='bbox 880 3065 1019 3146; x_wconf 88' lang='lat' dir='ltr'>speraui.</span> 
     </span>
    </p>

    <p class='ocr_par' dir='ltr' id='par_1_15' title="bbox 156 3151 797 3217">
     <span class='ocr_line' id='line_1_31' title="bbox 156 3151 797 3217; baseline -0.005 -1"><span class='ocrx_word' id='word_1_205' title='bbox 156 3152 247 3217; x_wconf 88' lang='lat' dir='ltr'>Psal.</span> <span class='ocrx_word' id='word_1_206' title='bbox 275 3151 403 3213; x_wconf 89' lang='lat' dir='ltr'>inclina</span> <span class='ocrx_word' id='word_1_207' title='bbox 415 3151 550 3213; x_wconf 86' lang='lat' dir='ltr'>domine</span> <span class='ocrx_word' id='word_1_208' title='bbox 565 3170 678 3212; x_wconf 90' lang='lat' dir='ltr'>aurem</span> <span class='ocrx_word' id='word_1_209' title='bbox 697 3163 797 3213; x_wconf 90' lang='lat' dir='ltr'>tuam.</span> 
     </span>
    </p>
   </div>
   <div class='ocr_carea' id='block_1_11' title="bbox 682 3270 774 3333">
    <p class='ocr_par' dir='ltr' id='par_1_16' title="bbox 682 3270 774 3333">
     <span class='ocr_line' id='line_1_32' title="bbox 682 3270 774 3333; baseline 0.011 -1"><span class='ocrx_word' id='word_1_210' title='bbox 682 3270 774 3333; x_wconf 81' lang='lat' dir='ltr'>Alia.</span> 
     </span>
    </p>
   </div>
   <div class='ocr_carea' id='block_1_12' title="bbox 118 3374 1319 3891">
    <p class='ocr_par' dir='ltr' id='par_1_17' title="bbox 118 3374 1319 3718">
     <span class='ocr_line' id='line_1_33' title="bbox 163 3374 1317 3459; baseline -0.001 -17"><span class='ocrx_word' id='word_1_211' title='bbox 163 3375 389 3459; x_wconf 88' lang='lat' dir='ltr'>Omnipotens</span> <span class='ocrx_word' id='word_1_212' title='bbox 426 3375 627 3456; x_wconf 90' lang='lat' dir='ltr'>sempiterne</span> <span class='ocrx_word' id='word_1_213' title='bbox 657 3374 746 3437; x_wconf 89' lang='lat' dir='ltr'>deus.</span> <span class='ocrx_word' id='word_1_214' title='bbox 777 3376 833 3456; x_wconf 94' lang='lat' dir='ltr'>qui</span> <span class='ocrx_word' id='word_1_215' title='bbox 871 3375 1095 3457; x_wconf 84' lang='lat' dir='ltr'>aegritudines</span> <span class='ocrx_word' id='word_1_216' title='bbox 1132 3376 1317 3441; x_wconf 89' lang='lat' dir='ltr'>animarum</span> 
     </span>
     <span class='ocr_line' id='line_1_34' title="bbox 119 3460 1319 3546; baseline 0.002 -20"><span class='ocrx_word' id='word_1_217' title='bbox 119 3463 258 3546; x_wconf 91' lang='lat' dir='ltr'>depellis</span> <span class='ocrx_word' id='word_1_218' title='bbox 273 3472 307 3525; x_wconf 92' lang='lat' dir='ltr'>et</span> <span class='ocrx_word' id='word_1_219' title='bbox 322 3482 505 3543; x_wconf 90' lang='lat' dir='ltr'>corporum.</span> <span class='ocrx_word' id='word_1_220' title='bbox 522 3461 636 3524; x_wconf 87' lang='lat' dir='ltr'>auxilii</span> <span class='ocrx_word' id='word_1_221' title='bbox 654 3463 701 3524; x_wconf 91' lang='lat' dir='ltr'>tui</span> <span class='ocrx_word' id='word_1_222' title='bbox 717 3482 816 3544; x_wconf 87' lang='lat' dir='ltr'>super</span> <span class='ocrx_word' id='word_1_223' title='bbox 831 3460 997 3524; x_wconf 85' lang='lat' dir='ltr'>infirmum</span> <span class='ocrx_word' id='word_1_224' title='bbox 1015 3473 1163 3525; x_wconf 90' lang='lat' dir='ltr'>nostrum</span> <span class='ocrx_word' id='word_1_225' title='bbox 1180 3466 1319 3528; x_wconf 89' lang='lat' dir='ltr'>ostende</span> 
     </span>
     <span class='ocr_line' id='line_1_35' title="bbox 118 3549 1318 3632; baseline 0.002 -19"><span class='ocrx_word' id='word_1_226' title='bbox 118 3551 285 3614; x_wconf 92' lang='lat' dir='ltr'>uirtutem.</span> <span class='ocrx_word' id='word_1_227' title='bbox 305 3559 342 3613; x_wconf 94' lang='lat' dir='ltr'>ut</span> <span class='ocrx_word' id='word_1_228' title='bbox 364 3568 429 3630; x_wconf 92' lang='lat' dir='ltr'>ope</span> <span class='ocrx_word' id='word_1_229' title='bbox 452 3549 695 3611; x_wconf 89' lang='lat' dir='ltr'>misericordiae</span> <span class='ocrx_word' id='word_1_230' title='bbox 719 3560 795 3611; x_wconf 89' lang='lat' dir='ltr'>tuae</span> <span class='ocrx_word' id='word_1_231' title='bbox 821 3550 961 3612; x_wconf 78' lang='lat' dir='ltr'>adiutus,</span> <span class='ocrx_word' id='word_1_232' title='bbox 978 3549 1020 3612; x_wconf 89' lang='lat' dir='ltr'>ad</span> <span class='ocrx_word' id='word_1_233' title='bbox 1046 3551 1158 3613; x_wconf 90' lang='lat' dir='ltr'>omnia</span> <span class='ocrx_word' id='word_1_234' title='bbox 1185 3550 1318 3632; x_wconf 93' lang='lat' dir='ltr'>pietatis</span> 
     </span>
     <span class='ocr_line' id='line_1_36' title="bbox 118 3634 781 3718; baseline -0.005 -17"><span class='ocrx_word' id='word_1_235' title='bbox 118 3647 197 3702; x_wconf 92' lang='lat' dir='ltr'>tuae</span> <span class='ocrx_word' id='word_1_236' title='bbox 212 3645 381 3718; x_wconf 89' lang='lat' dir='ltr'>reparetur</span> <span class='ocrx_word' id='word_1_237' title='bbox 395 3634 511 3698; x_wconf 86' lang='lat' dir='ltr'>officia.</span> <span class='ocrx_word' id='word_1_238' title='bbox 528 3656 586 3717; x_wconf 91' lang='lat' dir='ltr'>per</span> <span class='ocrx_word' id='word_1_239' title='bbox 600 3634 781 3698; x_wconf 90' lang='lat' dir='ltr'>dominum.</span> 
     </span>
    </p>

    <p class='ocr_par' dir='ltr' id='par_1_18' title="bbox 119 3720 1317 3891">
     <span class='ocr_line' id='line_1_37' title="bbox 162 3720 1317 3789; baseline 0.003 -3"><span class='ocrx_word' id='word_1_240' title='bbox 162 3724 243 3786; x_wconf 84' lang='lat' dir='ltr'>Ant.</span> <span class='ocrx_word' id='word_1_241' title='bbox 267 3723 397 3788; x_wconf 89' lang='lat' dir='ltr'>Cadent</span> <span class='ocrx_word' id='word_1_242' title='bbox 413 3743 433 3784; x_wconf 91' lang='lat' dir='ltr'>a</span> <span class='ocrx_word' id='word_1_243' title='bbox 456 3722 557 3785; x_wconf 90' lang='lat' dir='ltr'>latere</span> <span class='ocrx_word' id='word_1_244' title='bbox 573 3733 631 3785; x_wconf 91' lang='lat' dir='ltr'>tuo</span> <span class='ocrx_word' id='word_1_245' title='bbox 656 3721 745 3784; x_wconf 89' lang='lat' dir='ltr'>mille</span> <span class='ocrx_word' id='word_1_246' title='bbox 769 3731 804 3785; x_wconf 91' lang='lat' dir='ltr'>et</span> <span class='ocrx_word' id='word_1_247' title='bbox 824 3723 940 3786; x_wconf 89' lang='lat' dir='ltr'>decem</span> <span class='ocrx_word' id='word_1_248' title='bbox 962 3720 1053 3787; x_wconf 91' lang='lat' dir='ltr'>milia</span> <span class='ocrx_word' id='word_1_249' title='bbox 1071 3744 1091 3785; x_wconf 89' lang='lat' dir='ltr'>a</span> <span class='ocrx_word' id='word_1_250' title='bbox 1108 3724 1237 3788; x_wconf 89' lang='lat' dir='ltr'>dextris</span> <span class='ocrx_word' id='word_1_251' title='bbox 1252 3726 1317 3789; x_wconf 87' lang='lat' dir='ltr'>tuis</span> 
     </span>
     <span class='ocr_line' id='line_1_38' title="bbox 119 3808 841 3891; baseline -0.004 -17"><span class='ocrx_word' id='word_1_252' title='bbox 119 3810 180 3875; x_wconf 88' lang='lat' dir='ltr'>tibi</span> <span class='ocrx_word' id='word_1_253' title='bbox 195 3820 307 3873; x_wconf 91' lang='lat' dir='ltr'>autem</span> <span class='ocrx_word' id='word_1_254' title='bbox 324 3829 390 3872; x_wconf 92' lang='lat' dir='ltr'>non</span> <span class='ocrx_word' id='word_1_255' title='bbox 407 3808 687 3891; x_wconf 86' lang='lat' dir='ltr'>adpropinquabit</span> <span class='ocrx_word' id='word_1_256' title='bbox 709 3809 841 3872; x_wconf 91' lang='lat' dir='ltr'>malum.</span> 
     </span>
    </p>
   </div>
   <div class='ocr_carea' id='block_1_13' title="bbox 163 3896 773 4063">
    <p class='ocr_par' dir='ltr' id='par_1_19' title="bbox 163 3896 773 4063">
     <span class='ocr_line' id='line_1_39' title="bbox 163 3896 499 3979; baseline -0.006 -19"><span class='ocrx_word' id='word_1_257' title='bbox 163 3898 253 3961; x_wconf 84' lang='lat' dir='ltr'>Psal.</span> <span class='ocrx_word' id='word_1_258' title='bbox 278 3896 344 3979; x_wconf 83' lang='lat' dir='ltr'>Qui</span> <span class='ocrx_word' id='word_1_259' title='bbox 361 3897 499 3960; x_wconf 90' lang='lat' dir='ltr'>habitat.</span> 
     </span>
     <span class='ocr_line' id='line_1_40' title="bbox 681 3999 773 4063; baseline 0.022 -2"><span class='ocrx_word' id='word_1_260' title='bbox 681 3999 773 4063; x_wconf 84' lang='lat' dir='ltr'>Alia.</span> 
     </span>
    </p>
   </div>
   <div class='ocr_carea' id='block_1_14' title="bbox 119 4103 1319 4451">
    <p class='ocr_par' dir='ltr' id='par_1_20' title="bbox 119 4103 1319 4451">
     <span class='ocr_line' id='line_1_41' title="bbox 164 4103 1317 4170; baseline 0.002 -2"><span class='ocrx_word' id='word_1_261' title='bbox 164 4104 309 4168; x_wconf 87' lang='lat' dir='ltr'>Oremus</span> <span class='ocrx_word' id='word_1_262' title='bbox 338 4103 511 4168; x_wconf 88' lang='lat' dir='ltr'>dominum</span> <span class='ocrx_word' id='word_1_263' title='bbox 541 4113 690 4167; x_wconf 88' lang='lat' dir='ltr'>nostrum</span> <span class='ocrx_word' id='word_1_264' title='bbox 722 4104 826 4167; x_wconf 89' lang='lat' dir='ltr'>iesum</span> <span class='ocrx_word' id='word_1_265' title='bbox 857 4103 1025 4167; x_wconf 88' lang='lat' dir='ltr'>christum.</span> <span class='ocrx_word' id='word_1_266' title='bbox 1056 4113 1089 4167; x_wconf 91' lang='lat' dir='ltr'>et</span> <span class='ocrx_word' id='word_1_267' title='bbox 1120 4124 1195 4169; x_wconf 93' lang='lat' dir='ltr'>cum</span> <span class='ocrx_word' id='word_1_268' title='bbox 1225 4108 1317 4170; x_wconf 92' lang='lat' dir='ltr'>omni</span> 
     </span>
     <span class='ocr_line' id='line_1_42' title="bbox 120 4189 1317 4277; baseline 0.001 -21"><span class='ocrx_word' id='word_1_269' title='bbox 120 4192 364 4277; x_wconf 88' lang='lat' dir='ltr'>supplicatione</span> <span class='ocrx_word' id='word_1_270' title='bbox 380 4210 542 4273; x_wconf 82' lang='lat' dir='ltr'>rogemus,</span> <span class='ocrx_word' id='word_1_271' title='bbox 559 4200 596 4254; x_wconf 91' lang='lat' dir='ltr'>ut</span> <span class='ocrx_word' id='word_1_272' title='bbox 610 4190 698 4253; x_wconf 92' lang='lat' dir='ltr'>hunc</span> <span class='ocrx_word' id='word_1_273' title='bbox 720 4189 879 4254; x_wconf 81' lang='lat' dir='ltr'>famulum</span> <span class='ocrx_word' id='word_1_274' title='bbox 905 4210 1010 4254; x_wconf 92' lang='lat' dir='ltr'>suum.</span> <span class='ocrx_word' id='word_1_275' title='bbox 1026 4190 1072 4255; x_wconf 85' lang='lat' dir='ltr'>ill.</span> <span class='ocrx_word' id='word_1_276' title='bbox 1088 4211 1147 4274; x_wconf 91' lang='lat' dir='ltr'>per</span> <span class='ocrx_word' id='word_1_277' title='bbox 1161 4193 1317 4276; x_wconf 89' lang='lat' dir='ltr'>angelum</span> 
     </span>
     <span class='ocr_line' id='line_1_43' title="bbox 120 4275 1319 4364; baseline 0.002 -21"><span class='ocrx_word' id='word_1_278' title='bbox 120 4300 217 4343; x_wconf 91' lang='lat' dir='ltr'>suum</span> <span class='ocrx_word' id='word_1_279' title='bbox 238 4288 391 4342; x_wconf 87' lang='lat' dir='ltr'>sanctum</span> <span class='ocrx_word' id='word_1_280' title='bbox 415 4278 547 4341; x_wconf 90' lang='lat' dir='ltr'>uisitare</span> <span class='ocrx_word' id='word_1_281' title='bbox 563 4287 596 4341; x_wconf 91' lang='lat' dir='ltr'>et</span> <span class='ocrx_word' id='word_1_282' title='bbox 619 4275 797 4341; x_wconf 89' lang='lat' dir='ltr'>laetificare</span> <span class='ocrx_word' id='word_1_283' title='bbox 819 4287 920 4360; x_wconf 91' lang='lat' dir='ltr'>atque</span> <span class='ocrx_word' id='word_1_284' title='bbox 946 4277 1132 4342; x_wconf 81' lang='lat' dir='ltr'>confortare</span> <span class='ocrx_word' id='word_1_285' title='bbox 1155 4280 1319 4364; x_wconf 88' lang='lat' dir='ltr'>dignetur.</span> 
     </span>
     <span class='ocr_line' id='line_1_44' title="bbox 119 4367 395 4451; baseline -0.007 -20"><span class='ocrx_word' id='word_1_286' title='bbox 119 4367 269 4450; x_wconf 93' lang='lat' dir='ltr'>quicum</span> <span class='ocrx_word' id='word_1_287' title='bbox 291 4374 395 4451; x_wconf 89' lang='lat' dir='ltr'>patre.</span> 
     </span>
    </p>
   </div>
   <div class='ocr_carea' id='block_1_15' title="bbox 447 4480 1191 4633">
    <p class='ocr_par' dir='ltr' id='par_1_21' title="bbox 447 4480 1191 4633">
     <span class='ocr_line' id='line_1_45' title="bbox 447 4480 1147 4633; baseline -0.003 -80"><span class='ocrx_word' id='word_1_288' title='bbox 447 4498 993 4569; x_wconf 66' lang='lat' dir='ltr'>¹mesynnee2aaeauoveueum.</span> <span class='ocrx_word' id='word_1_289' title='bbox 1074 4480 1078 4489; x_wconf 90' lang='lat'>&#39;</span> <span class='ocrx_word' id='word_1_290' title='bbox 1123 4583 1147 4633; x_wconf 74' lang='lat' dir='ltr'><strong>U</strong></span> 
     </span>
     <span class='ocr_line' id='line_1_46' title="bbox 1173 4586 1191 4633; baseline 0 0"><span class='ocrx_word' id='word_1_291' title='bbox 1173 4586 1191 4633; x_wconf 90' lang='lat'>2</span> 
     </span>
    </p>
   </div>
   <div class='ocr_carea' id='block_1_16' title="bbox 0 0 1524 5106">
    <p class='ocr_par' dir='ltr' id='par_1_22' title="bbox 0 0 1524 5106">
     <span class='ocr_line' id='line_1_47' title="bbox 0 0 1524 5106; baseline 0 0"><span class='ocrx_word' id='word_1_292' title='bbox 0 0 1524 5106; x_wconf 95' lang='lat' dir='ltr'> </span> 
     </span>
    </p>
   </div>
  </div>
 </body>
</html>
