3038 5106
162 338 208 401 178
427 341 481 394 III.
510 341 563 393 ID.
576 340 656 395 [ΠΝ.
685 341 773 393 ΝΑΤ.
802 340 831 393 S.
858 340 1077 393 BARNABAE.

210 548 278 601 1111.
303 538 399 603 Nou.
424 538 506 604 turc.
532 538 951 689 NnrnnaPSnucronunr
976 540 1222 604 Μιιιοιιιιιιιι
1246 554 1293 604 ει

719 640 814 690 arnt.

196 751 289 815 Deus
314 754 370 834 qui
396 775 457 818 nos
481 775 593 818 annua
619 756 792 819 beatorum
816 755 996 820 marcellini
1012 764 1047 819 et
1064 756 1149 838 petri
1166 767 1348 838 martyrum

151 846 283 902 tuorum
309 840 555 925 sollempnitate
580 841 746 905 laetificas.
771 854 904 925 praesta
933 863 1115 925 quesumus
1141 852 1177 906 ut
1209 864 1349 925 quorum

151 925 337 1005 gaudemus
353 929 486 992 meritis.
503 949 722 1011 prouocemur
736 930 910 1013 exemplis.
927 950 993 1013 per.

685 1067 822 1131 Secreta.

198 1177 292 1239 Haec
317 1178 426 1241 hostia
451 1199 633 1259 quesumus
661 1181 796 1243 domine
819 1200 921 1261 quam
948 1181 980 1242 in
1007 1189 1199 1242 sanctorum
1217 1189 1351 1243 tuorum

152 1265 314 1328 nataliciis
353 1264 518 1340 recentes†
551 1265 727 1329 offerimus
766 1277 799 1329 et
839 1267 972 1329 uincula
1006 1276 1138 1330 nostrae
1176 1267 1354 1348 prauitatis

151 1351 312 1414 absoluat.
339 1360 373 1415 et
400 1363 476 1416 tuae
501 1353 597 1416 nobis
622 1353 866 1417 misericordiae
889 1354 979 1429 dona¹
992 1353 1154 1417 conciliet.
1171 1373 1232 1435 per
1247 1354 1354 1417 dorni·

154 1458 232 1501 num
249 1448 408 1502 nostrum.

671 1559 852 1640 Praesentia

196 1671 245 1734 (θ
270 1681 403 1734 aeterne
427 1671 517 1734 deus.
573 1672 677 1754 Apud
707 1691 808 1752 quem
840 1692 971 1754 semper
999 1680 1051 1734 est
1081 1670 1252 1752 praeclara
1284 1673 1355 1736 uita

152 1768 341 1820 sanctorum
362 1778 504 1839 quorum
530 1778 618 1821 mors
645 1778 707 1821 nos
734 1759 880 1840 pretiosa
903 1757 1060 1821 laetificat
1078 1766 1112 1820 et
1129 1767 1252 1821 tuetur.
1274 1778 1355 1836 qua·

153 1853 287 1926 propter
303 1855 485 1926 martyrum
502 1856 635 1908 tuorum
652 1845 832 1908 marcellini
845 1854 879 1908 et
888 1844 972 1927 petri
982 1844 1126 1926 gloriosa
1141 1857 1357 1909 recensentes

153 1931 315 1993 natalicia.
333 1933 447 1995 laudes
464 1932 522 1995 tibi
541 1932 719 1995 referimus.
735 1941 770 1994 et
786 1931 1067 2013 magnificentiam
1078 1941 1171 1994 tuam
1183 1932 1359 2014 supplices

150 2037 338 2080 exoramus
363 2028 400 2081 ut
424 2039 564 2100 quorum
589 2039 704 2081 sumus
730 2020 888 2100 martyria
911 2028 1115 2082 uenerantes.
1133 2019 1357 2083 beatitudinis

153 2123 337 2168 mereamur
352 2127 423 2168 esse
440 2115 617 2168 consortes.
634 2125 693 2188 per
708 2105 877 2168 christum.

597 2244 660 2306 Ad
676 2243 902 2324 conplendum.

195 2352 298 2417 Sacro
326 2374 460 2417 munere
487 2356 598 2418 satiati
629 2355 795 2438 supplices
820 2366 854 2418 te
877 2355 1013 2417 domine
1040 2355 1292 2435 depraecamur.
1320 2368 1360 2420 ut

150 2443 238 2521 quod
256 2441 388 2504 debitae
404 2442 572 2505 seruitutis
589 2443 794 2505 celebramus
806 2441 923 2504 officio.
936 2442 1130 2505 saluationis
1140 2450 1220 2505 tuae
1230 2444 1356 2507 sentia·

153 2547 226 2590 mus
241 2539 467 2610 augmentum.
485 2549 542 2610 per
557 2530 731 2592 dominum
748 2540 907 2592 nostrum.

187 2744 217 2792 v.
244 2730 334 2792 Inus
362 2730 441 2793 lun.
468 2729 623 2791 Nnrnnu
648 2729 883 2793 Snucronuu
911 2730 1021 2790 Ριιιιιι
1048 2742 1093 2790 ιιι
1119 2730 1334 2794 Faurcrnur.

196 2860 262 2921 Fac
290 2880 349 2920 nos
376 2859 510 2921 domine
537 2878 719 2937 quesumus
743 2867 933 2921 sanctorum
959 2868 1091 2919 tuorum
1116 2858 1215 2938 primi
1232 2869 1266 2922 et
1284 2859 1358 2923 feli-

150 2947 235 3008 ciani
262 2966 393 3026 semper
420 2945 504 3006 festa
528 2946 653 3007 sectari.
682 2965 823 3025 quorum
849 2943 1014 3025 suffragiis
1041 2945 1258 3026 protectionis
1275 2957 1359 3010 tuac

150 3034 238 3095 dona
254 3034 444 3094 sentiamus
463 3051 519 3113 per
534 3032 707 3094 dominum
726 3041 885 3093 nostrum.

682 3167 818 3231 Secreta.

195 3281 270 3342 fiat
300 3281 434 3342 dominc
464 3299 644 3358 quesumus
681 3278 792 3341 hostia
822 3280 985 3342 sacranda
1016 3279 1187 3360 placabilis
1214 3284 1353 3363 pretiosi

150 3368 355 3452 [celebritate
372 3366 527 3446 martyrii,
544 3385 630 3445 quac
647 3375 680 3428 et
703 3376 840 3447 peccata
864 3376 976 3429 nostra
999 3366 1159 3447 purificet.
1178 3365 1234 3452 [so.
1259 3386 1351 3449 127v.

149 3466 182 3518 et
199 3466 330 3518 tuorum
348 3453 407 3515 tibi
424 3463 503 3515 uota
519 3453 670 3514 conciliet
688 3452 895 3516 famulorum.
912 3475 977 3535 per.

594 3589 654 3651 Ad
673 3590 898 3671 complendum.

194 3703 384 3785 Quesumus
401 3701 611 3781 omnipotens
628 3702 717 3763 deus.
734 3711 770 3763 ut
793 3711 984 3764 sanctorum
1000 3712 1133 3765 tuorum
1150 3703 1348 3767 caelestibus

152 3791 316 3874 mysteriis
338 3788 502 3850 celebrata
525 3787 760 3869 sollempnitas,
777 3788 1018 3870 indulgentiam
1034 3789 1129 3851 nobis
1146 3799 1223 3853 tuae
1239 3792 1348 3874 propi-

152 3877 299 3943 tiationis
314 3875 475 3956 adquirat.
492 3895 558 3955 per.

208 4098 261 4146 ιιι.
289 4087 378 4149 lpus
404 4086 486 4149 lun.
512 4087 667 4151 Nnrnnn
692 4089 833 4153 sinen
859 4090 1063 4153 Bnnunsnn
1088 4090 1284 4154 Anosronr.

196 4215 402 4278 Aecclesiam
434 4226 525 4279 tuam
557 4218 691 4281 domine
715 4220 747 4281 in
777 4219 868 4282 omni
900 4220 1119 4302 prosperitate
1149 4218 1289 4282 custodi.
1316 4226 1348 4277 et

152 4303 240 4365 beati
257 4303 422 4365 barnabae
445 4304 587 4385 apostoli
615 4305 794 4369 suffultam.
819 4308 1010 4387 patrociniis
1038 4307 1188 4389 supernis
1210 4306 1345 4388 dignam

152 4390 274 4454 exhibe
289 4391 440 4472 gaudiisl
455 4411 513 4473 per
528 4393 701 4455 dominum
718 4402 875 4456 nostrum.

378 4523 386 4556 ¹
403 4526 458 4578 The
470 4527 631 4592 punctuation
642 4528 672 4578 of
684 4526 728 4578 the
740 4528 796 4579 MS.
810 4525 831 4577 is
842 4542 870 4577 as
880 4527 939 4576 here
949 4527 1045 4577 shown.
