3038 5106
352 348 430 400 XVI.
458 350 544 402 ΚΑΛ
570 352 674 401 SEPT.
706 352 784 403 oct:
812 353 839 402 S.
867 350 1089 404 LAURENTII.
1214 346 1220 369 '
1279 360 1325 397 ποι

679 517 771 582 Alia.

169 624 383 691 Famulorum
400 638 534 692 tuorum
550 629 686 693 domine
701 630 830 693 delictis
847 631 989 711 ignosce.
1006 640 1042 693 ut
1065 630 1121 710 qui
1138 627 1268 709 placere
1283 627 1325 689 dc
1396 656 1399 661 ·

120 713 253 776 actibus
269 716 387 778 nostris
403 736 471 778 non
487 715 638 780 ualemus
660 718 835 798 genetricis
855 716 911 779 filii
936 718 983 780 tui
1007 717 1133 779 domini
1150 715 1203 779 dei
1220 715 1325 777 nostri

122 799 357 865 intercessione
371 802 546 867 saluemur.
563 824 622 886 per
636 803 789 867 eundem.

659 931 795 995 Secreta.

169 1038 352 1105 Subueniat
367 1042 501 1106 dominc
518 1045 606 1126 plebi
623 1053 700 1107 tuae
725 1046 778 1107 dei
806 1045 981 1126 genetricis
1004 1045 1118 1106 oratio.
1143 1063 1242 1124 quam
1262 1042 1325 1104 etsi

123 1146 185 1208 pro
207 1130 396 1192 conditione
425 1132 531 1193 carnis
556 1132 715 1213 migrasse
742 1133 981 1214 cognoscimus.
1007 1133 1039 1193 in
1063 1131 1196 1194 caelesti
1220 1130 1326 1211 gloria

122 1215 213 1295 apud
230 1226 262 1279 te
278 1236 337 1298 pro
353 1217 448 1281 nobis
464 1238 556 1281 orare
571 1220 763 1283 sentiamus.
779 1240 838 1301 per
852 1220 1004 1283 eundem.

632 1338 814 1420 Praefatio.

168 1438 218 1502 (θ
256 1450 389 1502 aeterne
418 1441 509 1504 deus
556 1443 601 1506 Et
625 1453 658 1504 te
681 1444 714 1505 in
738 1443 950 1505 ueneratione
965 1461 1132 1503 sacrarum
1159 1440 1324 1520 uirginum

122 1525 351 1589 exultantibus
368 1529 494 1591 animis.
512 1530 648 1592 laudare
661 1531 855 1592 benedicere
879 1540 912 1592 et
926 1529 1122 1610 praedicare.
1141 1528 1226 1589 inter
1241 1546 1326 1607 quas

122 1612 318 1676 intemerata
348 1615 402 1676 dei
433 1617 577 1697 genitrix
601 1618 696 1698 uirgo
719 1618 830 1678 maria.
854 1618 946 1679 cuius
973 1615 1210 1695 assumptionis
1233 1615 1322 1676 diem

122 1698 358 1763 caelebramus.
374 1702 516 1783 gloriosa
531 1703 663 1766 effulsit.
709 1702 805 1785 Quae
820 1714 854 1766 et
870 1703 1077 1783 unigenitum
1100 1710 1193 1762 tuum
1218 1700 1323 1761 sancti

121 1786 256 1867 spiritus
279 1788 533 1853 obumbratione
561 1791 714 1872 concepit
736 1789 785 1872 let
812 1790 1012 1872 uirginitatis
1035 1787 1140 1869 gloria
1171 1786 1227 1868 [so.
1255 1804 1323 1863 144.

36 1868 44 1883 '
120 1885 337 1953 permanente
360 1875 436 1938 huic
459 1876 586 1940 mundo
610 1877 721 1939 lumen
745 1888 916 1939 aeternum
941 1876 1065 1939 effudit
1090 1875 1194 1937 iesum
1222 1874 1322 1937 chris-

121 1970 193 2022 tum
210 1961 381 2025 dominum
399 1973 548 2026 nostrum
565 1983 739 2046 perquem
757 1964 965 2026 maiestatem
983 1971 1083 2025 tuam.

566 2084 630 2145 Ad
647 2083 872 2164 complendum.

167 2183 303 2247 Mensae
333 2186 484 2249 caelestis
515 2188 691 2269 participes
721 2186 831 2250 effecti
863 2186 1079 2268 imploramus
1110 2183 1320 2247 clementiam

119 2281 213 2333 tuam
243 2272 377 2335 domine
399 2275 481 2337 deus
505 2286 625 2337 noster.
648 2275 764 2356 utqui
788 2273 873 2335 sesta
895 2273 948 2335 dci
976 2271 1151 2353 genetricis
1174 2270 1321 2333 colimus.

118 2377 140 2418 a
157 2358 252 2421 malis
267 2359 517 2423 imminentibus
532 2361 602 2424 eius
618 2360 907 2424 intercessionibus
924 2358 1106 2421 liberemur.
1124 2378 1191 2439 per.

593 2481 655 2543 Ad
673 2492 846 2562 uesperum.

163 2580 318 2647 Concede
333 2605 513 2665 quesumus
529 2586 741 2666 omnipotens
757 2585 839 2646 deus
855 2585 897 2646 ad
914 2583 1031 2645 beatae
1047 2584 1170 2644 mariae
1190 2602 1322 2663 semper

116 2668 256 2750 uirginis
285 2672 408 2754 gaudia
438 2682 572 2734 aeterna
602 2674 795 2753 pertingere.
827 2671 869 2733 de
901 2672 994 2732 cuius
1032 2690 1091 2731 nos
1132 2670 1320 2731 ueneranda

115 2759 348 2839 assumptione
363 2759 481 2821 tribuis
497 2779 608 2821 annua
623 2759 871 2841 sollempnitate
886 2757 1039 2839 gaudere.
1056 2778 1114 2838 per
1136 2756 1320 2818 dominum,

673 2878 764 2941 Alia.

162 2976 387 3061 Omnipotens
403 2982 603 3063 sempiterne
619 2983 710 3045 deus.
726 2983 782 3063 qui
799 2982 936 3043 terrenis
954 2980 1146 3062 corporibus
1163 2980 1253 3042 uerbi
1271 2982 1318 3044 tui

115 3066 267 3128 ueritatis
298 3066 354 3130 filii
386 3070 546 3150 unigeniti
571 3089 629 3150 per
656 3069 879 3131 uenerabilem
911 3088 949 3129 ac
980 3068 1156 3149 gloriosam
1189 3088 1320 3148 semper

114 3154 280 3235 uirginem
306 3156 443 3217 mariam
468 3155 634 3217 ineffabile
651 3157 844 3237 mysterium
861 3156 1061 3235 coniungere
1078 3154 1219 3216 uoluisti.
1237 3156 1320 3234 peti·

115 3260 195 3302 mus
218 3241 402 3304 inmensam
425 3242 637 3305 clementiam
662 3256 754 3304 tuam
779 3254 816 3305 ut
838 3244 928 3323 quod
957 3242 988 3303 in
1012 3242 1082 3303 eius
1106 3244 1319 3303 ueneratione

112 3326 338 3409 deposcimus
354 3339 388 3391 te
404 3330 605 3410 propitiante
620 3330 778 3410 consequi
796 3348 988 3391 mereamur.
1006 3349 1070 3409 per.

671 3450 762 3512 Alia.

162 3550 302 3633 Protege
318 3552 453 3615 domine
468 3552 612 3616 famulos
628 3564 703 3616 tuos
719 3555 873 3617 subsidiis
890 3556 988 3635 paci-z.
1005 3566 1037 3615 ct
1054 3552 1171 3615 lentae
1196 3556 1318 3615 mariae

112 3638 307 3720 patrociniis
330 3640 542 3703 confidentes.
566 3661 586 3702 a
615 3643 744 3703 cunctis
776 3642 927 3703 'nostibus¹
958 3642 1058 3701 redde
1089 3661 1228 3701 securos.
1260 3662 1318 3721 per

110 3725 288 3789 dominum
306 3738 464 3790 nostrum.

670 3844 761 3905 Alia

158 3942 283 4008 Beatae
299 3956 332 4007 et
352 3946 515 4029 gloriosae
538 3966 736 4029 semperque
759 3948 896 4029 uirginis
918 3948 971 4009 dei
994 3948 1168 4027 genetrici,
1194 3950 1315 4009 roario:

111 4050 177 4093 nos
206 4030 341 4094 domine
370 4052 553 4114 quesumus
584 4036 702 4095 merita
734 4046 984 4115 prosequantur.
1015 4050 1048 4095 et
1086 4048 1178 4095 tuam
1220 4036 1314 4095 nobi,

110 4116 357 4199 indulgentiam
372 4140 503 4203 semper
519 4120 705 4203 implorent.
722 4142 781 4203 per
795 4122 947 4183 eundern.

156 4318 231 4367 xvr.
256 4306 349 4371 Ku„
373 4310 477 4373 Surr.
500 4308 638 4374 Ocrsu.
664 4310 804 4375 ssscrr
830 4312 1044 4375 L.se·r.÷.:··rrr
1064 4310 1239 4373 >lx-,nrm
1263 4362 1269 4371 .

155 4414 252 4484 Beati
269 4418 420 4485 laurentii
437 4442 498 4485 nos
514 4420 615 4485 saciat
637 4422 772 4485 domine
795 4424 906 4505 passio
930 4422 1119 4485 ueneranda
1143 4422 1312 4485 laetante„

105 4512 143 4567 et
159 4515 199 4567 ut
214 4524 290 4569 eam
306 4508 506 4573 sufficienter
520 4510 703 4573 recolamus
718 4508 840 4573 efficiat
856 4512 1084 4591 promptiore-2,
1102 4530 1167 4589 per.
