3038 5106
195 344 230 395 Χ.
256 344 341 396 KAL.
366 344 450 396 FEB.
473 344 560 395 ΝΑΤῖ
586 344 631 393 SS.
657 342 972 394 ErllERENTIANAE
993 342 1049 391 ET
1066 340 1267 391 MACHARII.
1307 350 1351 403 155

151 497 341 580 despiciens
351 497 529 563 caelestem
542 496 663 562 meruit
674 496 883 580 dignitatem.
907 493 1084 560 Societatis
1093 493 1259 558 humanae
1272 500 1352 555 uota

152 595 397 668 contempnens
411 584 536 649 aeterni
557 585 644 667 regis
664 595 715 648 est
738 583 865 647 sociata
887 582 1062 647 consortio.
1110 582 1155 645 Et
1171 580 1350 664 pretiosam

152 681 295 737 mortem
322 692 424 736 sexus
449 670 627 754 fragilitate
650 670 779 735 calcata
799 690 860 752 pro
884 670 995 733 christi
1022 668 1228 732 consessione
1251 666 1351 730 susci·

152 760 258 842 piens.
273 758 371 823 simul
388 770 439 823 est
455 758 542 822 sacta
557 756 747 821 conformis.
762 767 796 820 et
811 757 1083 839 sempiternitatis
1093 756 1163 819 eius
1174 766 1208 818 et
1218 755 1350 838 gloriae.

154 866 215 929 per
229 866 339 929 quern.

592 981 656 1044 Ad
672 980 898 1064 corrmlendum.

199 1092 328 1157 Reiecti
366 1093 455 1175 cybo
492 1102 643 1175 potuque
676 1093 809 1157 caelesti
847 1094 930 1156 deus
968 1102 1079 1154 noster
1115 1101 1148 1154 te
1186 1089 1352 1171 supplices

154 1199 341 1243 exoramus.
358 1190 396 1244 ut
420 1181 453 1243 in
478 1181 571 1244 cuius
592 1181 673 1243 haec
698 1180 1016 1244 commemoratione
1043 1178 1257 1262 percepimus.
1283 1177 1352 1238 eius

155 1268 345 1331 muniamur
359 1278 393 1331 et
409 1268 593 1350 praecibus.
609 1288 668 1350 per
683 1268 856 1331 dominum
874 1276 1034 1330 nostrum.

197 1482 245 1532 xr.
270 1469 363 1533 Kar.
381 1469 490 1534 Fran.
508 1469 665 1533 Nnrnue
690 1468 832 1534 Sancm
858 1469 1067 1534 Urncuuru
1093 1468 1297 1530 Maxumus.

197 1592 330 1657 Adesto
353 1614 536 1676 quesumus
556 1594 692 1657 domine
716 1593 1014 1676 supplicationibus
1037 1595 1156 1658 nostris
1173 1602 1209 1656 ut
1227 1593 1284 1674 qui
1307 1612 1351 1653 ex

154 1680 330 1762 iniquitate
367 1691 479 1744 nostra
510 1701 582 1743 reos
610 1701 670 1744 nos
701 1701 773 1744 esse
804 1682 1045 1762 cognoscimus.
1076 1680 1163 1745 beati
1195 1678 1351 1743 uincentii

153 1766 324 1850 lmartyris
340 1769 388 1831 tui
405 1769 638 1832 intercessione
656 1768 840 1831 liberemur.
858 1789 924 1850 per.
1207 1765 1262 1850 [so.
1284 1781 1351 1827 111.

687 1920 824 1984 Secreta.

198 2032 396 2096 Muneribus
413 2033 532 2096 nostris
555 2053 736 2114 quesumus
759 2033 895 2096 domine
920 2031 1158 2115 praecibusque
1182 2031 1351 2112 susceptis.

151 2128 186 2183 et
201 2120 402 2183 caelestibus
417 2139 478 2184 nos
494 2120 620 2183 munda
637 2121 811 2203 mysteriis.
829 2130 862 2183 et
878 2119 1058 2182 clementer
1073 2118 1205 2182 exaudi.
1221 2137 1286 2199 per.

673 2257 854 2337 Praefatio.

196 2366 247 2432 Η)
286 2387 346 2451 per
374 2366 534 2431 christum
564 2366 737 2431 dominum
769 2379 927 2431 nostrum.
990 2370 1053 2431 l’ro
1089 2367 1182 2430 cuius
1219 2367 1354 2429 nomine

153 2453 318 2537 gloriosus
343 2453 444 2517 leuita
467 2455 660 2517 uincentius.
688 2464 721 2517 et
747 2455 841 2517 miles
866 2456 1008 2518 inuictus
1033 2454 1150 2535 rapidi¹
1176 2453 1282 2516 hostis
1305 2453 1352 2514 in-

153 2542 283 2605 saniam
299 2538 465 2605 interitus²
480 2541 562 2604 adiit
579 2542 750 2604 modestus
762 2542 927 2604 sustinuit.
943 2561 1076 2604 securus
1093 2540 1198 2603 irrisit.
1237 2539 1352 2603 Sciens

153 2638 290 2711 paratus
314 2647 386 2690 esse
413 2638 451 2691 ut
475 2629 640 2691 resisteret
666 2629 813 2691 nesciens
844 2629 951 2691 elatus
975 2648 1047 2690 esse
1076 2628 1165 2709 quod
1198 2628 1352 2689 uinceret.

156 2714 195 2778 ln
210 2725 354 2797 utroque
369 2715 497 2778 domini
513 2734 552 2777 ac
568 2715 718 2796 magistri
737 2716 787 2778 sui
804 2715 944 2797 uestigia
960 2735 1108 2796 sequens.
1125 2715 1181 2795 qui
1198 2724 1231 2776 et
1247 2713 1353 2776 humi-

154 2801 256 2866 litatis
282 2802 522 2865 custodiendae
548 2811 581 2864 et
606 2802 649 2865 de
673 2799 824 2865 hostibus
850 2801 1077 2884 triumphandi
1100 2802 1168 2864 suis
1184 2799 1354 2883 sequenda

153 2888 312 2971 exempla
329 2888 534 2951 monstrauit.
583 2889 644 2950 Per
659 2908 759 2971 quem
777 2889 985 2951 maiestatem
1002 2898 1103 2951 tuam.

610 3024 672 3088 Ad
682 3025 911 3106 corrutlendum.

195 3134 391 3219 Quesumus
406 3137 619 3220 omnipotens
636 3138 725 3200 deus.
742 3147 779 3200 ut
794 3138 851 3218 qui
867 3137 1022 3200 caelestia
1034 3136 1192 3199 alimenta
1207 3137 1354 3218 percepi-

152 3242 236 3288 mus.
253 3222 480 3287 intercedente
496 3223 595 3286 beato
611 3224 781 3286 uincentio
798 3235 942 3306 martyre
969 3234 1034 3287 tuo.
1051 3244 1110 3305 per
1133 3223 1215 3285 haee
1238 3234 1354 3285 contra

152 3310 268 3374 omnia
282 3310 425 3374 aduersa
441 3311 637 3374 muniamur.
654 3330 712 3392 per
726 3311 908 3374 dominum.

184 3506 218 3558 x.
243 3492 336 3557 Kar.
362 3494 473 3558 Fusa.
498 3493 918 3643 NATALEMSnuc‘roxuu
944 3495 1253 3557 Eua‘xnxrrnxnl:
1277 3508 1323 3556 Er

695 3595 859 3646 ncxnxu.

198 3700 369 3765 Maiestati
407 3711 485 3765 tuae
523 3722 584 3764 nos
621 3701 757 3765 domine
796 3714 979 3785 martyrum
1018 3703 1218 3785 supplicatio
1256 3702 1354 3765 beata

153 3787 317 3851 conciliet.
333 3799 369 3851 ut
384 3789 440 3869 qui
454 3788 691 3852 incessabiliter
703 3790 831 3853 actibus
841 3791 962 3854 nostris
973 3790 1181 3853 offendimus.
1192 3790 1353 3851 iustorum

153 3875 327 3957 praecibus
342 3876 525 3957 expiemur.
541 3896 600 3958 per
614 3876 797 3940 dominum.

674 4012 812 4079 Secreta.

196 4118 349 4203 Accepta
373 4120 433 4185 tibi
453 4122 496 4185 sit
520 4123 655 4187 domine
679 4135 828 4187 sacratae
854 4125 960 4208 plebis
987 4125 1120 4189 oblatio,
1137 4146 1197 4207 pro
1220 4136 1352 4187 tuorum

151 4206 278 4271 honore
301 4217 493 4271 sanctorum
519 4230 661 4291 quorum
689 4212 813 4274 meritis
837 4233 871 4274 se
895 4214 1079 4295 percepisse
1092 4214 1122 4274 in
1141 4211 1353 4275 tribulatione

150 4294 324 4377 cognoscit
339 4295 512 4359 auxilium.
528 4316 594 4379 per.

665 4450 673 4483 ¹
692 4456 740 4505 For
751 4456 840 4505 rabidi.

662 4514 674 4551 ²
690 4520 740 4569 For
750 4521 892 4571 r'rrterrr'tus.
