3038 5106
361 342 428 393 XII.
458 343 543 393 KAL.
574 344 659 395 AUG.
690 343 778 394 NAT.
805 345 831 393 S.
860 344 1060 396 PRAXEDIS.
1278 343 1324 405 189

660 510 797 577 Secreta.

168 612 278 679 Sacris
289 613 448 678 altaribus
460 616 596 679 domine
607 615 733 679 hostias
743 616 968 698 superpositas
978 626 1111 679 sanctus
1126 614 1322 678 benedictus

118 719 303 782 quesumus
318 702 352 763 in
368 701 510 766 salutem
526 702 622 766 nobis
638 705 812 785 prouenire
827 704 996 785 deposcat.
1013 723 1078 784 per.

636 824 818 904 Praefatio.

167 924 217 989 (D
255 934 389 988 aeterne
426 926 516 989 deus.
577 928 622 991 Et
659 927 799 1008 gloriam
841 937 933 990 tuam
973 924 1114 1008 profusis
1152 923 1324 1006 praecibus

118 1030 268 1075 exorare.
285 1013 393 1094 utqui
410 1013 498 1077 beati
515 1014 680 1076 benedicti
697 1014 893 1077 confessoris
908 1014 957 1076 tui
980 1032 1176 1076 ueneramur
1191 1010 1275 1073 sesta
1291 1022 1324 1074 te

120 1097 308 1181 opitulante
322 1101 394 1162 eius
418 1101 605 1163 sanctitatis
630 1101 750 1163 imitari
782 1100 952 1163 ualeamus
976 1098 1141 1181 exempla.
1169 1108 1206 1161 ut
1232 1099 1324 1160 cuius

121 1186 249 1248 meritis
264 1206 476 1269 nequaquam
493 1208 670 1269 possumus
686 1189 847 1271 coequari.
864 1188 934 1250 eius
951 1187 1122 1270 praecibus
1139 1205 1325 1248 mereamur

118 1272 281 1335 adiuuari.
299 1294 357 1355 per
368 1274 536 1336 christum.

578 1395 640 1458 Ad
649 1394 875 1476 corrrplendum.

168 1496 325 1579 Protegat
341 1519 401 1562 nos
417 1500 552 1563 domine
572 1520 648 1562 cum
674 1500 721 1563 tui
747 1500 959 1583 perceptione
983 1499 1179 1562 sacramenti
1207 1498 1324 1561 beatus

120 1582 318 1648 benedictus
334 1587 421 1649 abba
433 1607 493 1669 pro
503 1588 598 1649 nobis
615 1587 859 1650 intercedendo
876 1597 913 1649 ut
928 1596 962 1649 et
978 1586 1238 1649 conuersationis
1254 1586 1324 1647 eius

117 1672 335 1753 experiamur
350 1674 498 1755 insignia.
516 1694 580 1755 per.

192 1870 280 1933 Inus
306 1869 383 1933 lue.
406 1869 651 1933 TRnnsLArro
676 1869 817 1933 sinen
843 1868 1064 1932 Suumuuru
1090 1869 1268 1932 Enrscorr.

168 1982 261 2045 Deus
286 1984 343 2064 qui
371 1983 464 2046 iubar
489 1982 672 2045 aetherium
696 1983 880 2045 antistitem
906 1982 1122 2045 suuithunum
1149 1978 1325 2052 moderna†

117 2078 311 2151 temporum
328 2070 484 2152 dignatus
500 2090 535 2131 es
552 2070 679 2133 mundo
694 2070 847 2133 reuelare.
858 2069 1050 2151 suppliciter
1065 2079 1156 2131 tuam
1170 2067 1324 2150 implora-

120 2176 199 2219 mus
214 2157 491 2238 omnipotentiam
516 2157 673 2238 quatinus
700 2178 758 2239 per
781 2157 925 2237 gloriosa
950 2157 1051 2238 ipsius
1076 2156 1181 2218 sancti
1208 2156 1324 2218 merita

118 2261 223 2324 quem
255 2242 335 2305 lacis
365 2263 534 2306 coruscare
565 2244 667 2324 signis
706 2243 948 2306 miraculorum.
976 2242 1133 2325 praebeas
1165 2242 1261 2304 nobis
1292 2252 1324 2303 te

118 2330 385 2411 supplicantibus
408 2328 563 2412 lsamulis.
580 2331 730 2393 omnium
754 2331 957 2393 incrementa
979 2330 1139 2393 uirtutum
1179 2328 1235 2410 [lo
1256 2330 1323 2407 136.

117 2426 157 2480 et
172 2418 393 2499 sempiternae
409 2416 574 2480 felicitatis
591 2418 782 2499 tripudium.
799 2437 865 2499 per.

657 2552 794 2619 Secreta.

168 2664 292 2728 Munus
301 2668 390 2748 quod
408 2665 466 2728 tibi
483 2666 651 2729 offerimus
666 2666 802 2729 domine
813 2685 1002 2746 quesumus.
1015 2674 1183 2746 gratanter
1194 2664 1324 2746 suscipe

118 2760 157 2815 et
182 2752 385 2834 suffragante
410 2753 498 2817 beati
523 2752 720 2815 confessoris
747 2753 795 2815 tui
826 2752 995 2815 suuithuni
1027 2762 1127 2832 atque
1158 2749 1323 2832 pontificis

120 2838 364 2902 intercessione.
374 2859 490 2902 omnes
507 2850 694 2902 nostrorum
712 2860 820 2901 nexus
836 2840 1064 2921 peccaminum
1076 2838 1193 2900 soluat.
1207 2859 1244 2900 ac
1256 2838 1323 2899 luc·

120 2946 196 2989 rum
212 2927 483 3009 sempiternitatis
499 2927 595 2989 nobis
611 2925 771 3007 adquirat.
788 2947 854 3008 per.

578 3064 640 3126 Ad
651 3062 874 3144 complendum.

167 3172 259 3237 Deus
271 3175 327 3255 qui
338 3195 396 3256 per
405 3186 557 3238 sanctum
570 3174 791 3238 consessorem
803 3183 898 3237 tuum
909 3174 1091 3237 antistitem
1104 3174 1321 3235 suuithunum

120 3260 264 3323 mederis
280 3261 493 3343 languoribus
520 3260 723 3324 infirmorum
751 3262 897 3323 concede
921 3262 1016 3323 nobis
1043 3272 1137 3324 tuum
1166 3261 1321 3322 iuuamen

120 3368 182 3431 per
192 3348 262 3410 eius
279 3348 531 3430 implorantibus
544 3350 819 3411 interuentionem
837 3348 1017 3429 praesentis
1031 3348 1118 3410 uitae
1132 3348 1223 3429 iungi
1236 3347 1322 3409 salu·

121 3434 285 3498 britateet
300 3436 422 3497 ciuium
439 3455 656 3517 supernorum
673 3437 839 3498 societate.
857 3454 915 3516 per
929 3435 1102 3497 dominum
1119 3445 1278 3496 nostrum.

171 3640 235 3689 x11.
261 3628 353 3691 KAL.
377 3628 473 3691 Auo.
499 3629 655 3692 Nnrnua
680 3628 856 3692 Snncrnr:
882 3628 1071 3691 Praxaurs
1097 3629 1285 3693 Uirronis.

167 3737 220 3801 Da
235 3759 415 3821 quesumus
431 3741 641 3821 omnipotens
657 3740 739 3801 deus
755 3741 803 3802 ut¹
814 3740 911 3817 beate
927 3740 1084 3821 praxedis
1094 3741 1229 3821 uirginis
1246 3750 1323 3803 tuae

120 3824 275 3889 natalicia
299 3826 439 3889 colimus
465 3827 550 3890 sicut
574 3846 685 3889 annua
711 3827 957 3909 sollempnitate
982 3827 1151 3890 laetamur.
1168 3828 1214 3889 sic
1231 3837 1323 3890 tante

119 3910 207 3975 illius
223 3912 299 3976 fidei
314 3912 526 3997 proficiamus
541 3914 706 3995 exemplo,
723 3934 788 3995 per.

655 4032 791 4097 Secreta.

165 4133 303 4218 Suscipe
328 4156 509 4218 quesumus
533 4137 668 4199 domine
693 4137 738 4201 ob
762 4138 921 4199 honorem
947 4157 1059 4200 sacrae
1085 4138 1221 4219 uirginis
1244 4147 1322 4201 tuae

118 4223 278 4305 praxedis
305 4243 425 4287 munus
448 4222 606 4287 oblatum.
630 4234 664 4286 et
691 4225 781 4305 quod
806 4225 926 4286 nostris
950 4225 1080 4306 assequi
1106 4225 1230 4287 meritis
1254 4246 1320 4287 non

116 4307 271 4459 gelenius
300 4310 449 4374 eiusdem
480 4310 738 4393 suffragantibus
764 4312 887 4374 meritis
919 4311 1036 4393 largire
1066 4312 1236 4394 propitius.
1265 4332 1323 4393 per

143 4414 303 4461 ominum.

431 4512 440 4545 ¹
459 4516 585 4581 Probably
594 4516 643 4582 qui
652 4516 743 4567 should
754 4516 786 4566 be
797 4516 906 4567 inserted
917 4516 985 4570 here.
