3038 5106
490 338 632 391 masaa
652 340 726 393 PRO
745 340 971 395 varanem.
1284 354 1333 410 301

588 476 653 541 Ad
661 478 887 560 complendum.

177 584 301 651 Annue
309 586 405 650 nobis
414 588 550 654 domine
558 596 596 652 ut
610 589 722 654 anima
737 590 852 655 famuli
861 592 918 655 tui
929 590 974 656 ill.
986 591 1214 658 remissionem
1226 614 1329 678 quam

134 692 266 756 semper
279 674 410 757 optauit
426 684 591 740 mereatur
604 677 772 760 percipere
786 687 1006 760 peccatorum.
1021 700 1081 763 per
1094 681 1277 746 dominum.

247 892 364 958 Mrssn
388 893 579 959 Seremus
602 908 673 959 rao
698 894 916 961 Daruncms
939 896 1231 964 Snesnnormus.

178 1012 333 1078 Concede
369 1033 550 1094 quesumus
586 1015 799 1096 omnipotens
836 1016 918 1080 deus
954 1016 1100 1094 animas†
1128 1019 1327 1084 famulorum

133 1101 342 1163 sacerdotum
369 1109 511 1164 tuorum.
530 1100 576 1164 ill.
604 1101 769 1164 felicitatis
793 1111 946 1166 aeternae
973 1106 1183 1171 consortium.
1208 1106 1328 1189 quibus

133 1186 265 1250 donasti
280 1184 398 1262 sacrisl
412 1186 523 1251 altaris
540 1187 587 1251 tui
603 1190 761 1270 consequi
777 1190 1004 1254 ministerium.
1020 1212 1085 1274 per.

663 1309 797 1372 Secreta.

176 1410 316 1473 Munera
339 1411 473 1474 domine
497 1412 557 1475 tibi
584 1412 695 1475 dicata
720 1411 890 1476 sanctifica
914 1423 948 1478 et
973 1416 1101 1479 animas
1128 1414 1327 1481 famulorum

130 1498 338 1561 sacerdotum
349 1508 489 1562 tuorum.
506 1498 551 1562 ill.
566 1500 611 1562 ab
621 1500 713 1562 omni
724 1499 797 1562 labe
807 1499 971 1564 humanae
981 1501 1181 1566 conditionis
1191 1502 1328 1568 absolue

129 1584 249 1667 quibus
264 1585 366 1648 totius
383 1585 498 1649 mundi
514 1584 665 1650 deleuisti
681 1597 826 1669 peccata.
843 1607 910 1670 per.

576 1705 640 1768 Ad
649 1707 875 1788 complendum.

175 1806 365 1890 Quesumus
376 1809 587 1891 omnipotens
602 1809 690 1872 deus.
708 1820 744 1873 ut
759 1811 890 1874 animae
906 1812 1104 1875 famulorum
1114 1815 1324 1877 sacerdotum

129 1904 270 1959 tuorum.
301 1896 346 1958 ill.
383 1895 535 1959 caelestis
570 1897 697 1978 gratiae
735 1897 882 1980 praemia
919 1909 1168 1981 consequantur.
1206 1902 1326 1984 quibus

129 1981 284 2064 spiritalis
299 1982 423 2066 gloriae
438 2002 575 2046 munera
590 1982 766 2047 contulisti.
782 2005 848 2067 per.

410 2194 527 2258 Mrssn
550 2207 622 2258 rao
646 2194 798 2256 Faunus
823 2194 1041 2258 Daruucrn.

175 2321 365 2406 Quesumus
379 2323 514 2385 domine
537 2343 598 2405 pro
624 2332 682 2385 tua
708 2321 833 2405 pietate
859 2322 1011 2385 miserere
1035 2323 1165 2386 animae
1181 2323 1325 2388 famulae

130 2418 215 2475 tuae.
238 2410 284 2473 ill.
309 2419 343 2473 et
368 2430 442 2473 eam
469 2429 489 2471 a
515 2409 677 2492 contagiis
713 2409 922 2471 mortalitatis
954 2419 1101 2472 exutam.
1132 2411 1165 2472 in
1192 2422 1326 2489 aeterne

129 2497 323 2561 saluationis
339 2506 467 2580 partem
484 2495 627 2574 restitue.
642 2516 707 2578 per.

659 2616 793 2680 Secreta.

174 2722 355 2804 Propitiare
370 2721 505 2785 domine
527 2719 823 2803 supplicationibus
843 2719 963 2783 nostris
979 2738 1040 2801 pro
1054 2720 1166 2784 anima
1182 2720 1324 2784 famulae

129 2818 214 2872 tuae.
231 2809 274 2871 ill.
292 2826 352 2891 pro
367 2828 434 2890 qua
455 2808 517 2870 tibi
539 2806 708 2870 offerimus
730 2804 926 2869 sacrificium
950 2806 1063 2869 laudis.
1088 2817 1124 2870 ut
1139 2827 1214 2871 eam
1229 2827 1324 2870 sanc-

128 2904 238 2958 torum
255 2904 386 2958 tuorum
407 2895 573 2958 consortio
595 2894 720 2957 sociare
742 2891 910 2977 ldigneris.
933 2913 993 2975 per
1007 2893 1113 2956 domi·
1158 2894 1212 2977 [so.
1230 2910 1323 2958 221v.

130 3001 218 3046 num.

576 3084 639 3147 Ad
649 3083 870 3165 complendum.

174 3188 269 3251 Haec
293 3208 354 3251 nos
378 3188 569 3251 communio
593 3207 772 3270 quesumus
798 3186 933 3250 domine
959 3196 1078 3269 purget
1095 3186 1267 3251 acrimine
1289 3200 1323 3253 et

129 3274 259 3340 animae
274 3275 418 3339 famulae
433 3285 520 3338 tuae.
544 3274 588 3337 ill.
613 3274 764 3337 caelestis
787 3274 898 3356 gaudii
924 3275 1048 3337 tribuat
1068 3273 1270 3337 consortium
1286 3285 1323 3339 ut

130 3371 206 3426 ante
229 3363 384 3426 thronum
412 3362 536 3444 gloriae
570 3360 680 3424 christi
706 3361 755 3424 tui
779 3369 953 3443 segregata
977 3381 1052 3424 curn
1077 3361 1214 3423 dextris.
1240 3361 1321 3425 nihil

129 3469 306 3514 commune
321 3449 442 3513 habeat
457 3468 532 3511 cum
548 3448 695 3511 sinistris.
711 3467 770 3529 per
784 3449 966 3511 dominum.

322 3674 438 3738 M1ssn
461 3687 502 3736 m
528 3672 601 3736 Dra
625 3673 892 3737 Darosrrronrs
916 3671 1127 3737 Daruucm.

170 3801 302 3866 Adesto
317 3803 451 3866 domine
477 3822 656 3885 quesumus
680 3823 740 3885 pro
765 3803 877 3865 anima
903 3800 1017 3864 famuli
1041 3802 1089 3864 tui
1119 3801 1164 3865 ill.
1181 3801 1273 3864 cuius
1288 3799 1321 3862 in

128 3888 344 3972 depositionis
358 3909 438 3953 suae
454 3890 507 3953 die
528 3889 672 3952 officium
695 3888 1020 3952 commemorationis
1036 3888 1267 3971 impendimus.
1285 3896 1322 3950 ut

128 3976 209 4039 uitia
225 3976 406 4040 mundialia
428 3975 676 4059 saecularesque
699 3975 845 4039 maculas
867 3975 897 4038 ei
921 3974 1116 4039 inherentes
1136 3975 1228 4039 dono
1243 3984 1322 4038 tuae

128 4062 261 4146 pietatis
276 4062 449 4147 indulgeas
463 4072 498 4127 et
512 4073 677 4146 extergas.
693 4082 758 4145 per.

660 4182 796 4248 Secreta.

171 4286 312 4351 Munera
326 4307 507 4370 quesumus
522 4288 658 4352 domine
679 4305 765 4369 quae
786 4285 846 4351 tibi
869 4306 929 4369 pro
944 4285 1056 4350 anima
1072 4284 1187 4350 famuli
1203 4286 1259 4351 tui.
1276 4286 1321 4350 ill.

126 4373 303 4439 offerimus
323 4372 473 4457 placatus
496 4375 640 4439 intende.
663 4382 702 4437 ut
724 4373 879 4439 remediis
901 4382 1044 4457 purgata
1066 4371 1271 4440 caelestibus.
1286 4373 1319 4437 in

125 4470 184 4527 tua
197 4461 324 4546 pietate
337 4461 530 4543 requiescat.
545 4480 605 4545 per
619 4460 802 4526 dominum

1124 4560 1151 4610 X
1172 4560 1193 4611 2

423 4658 443 4689 Q
