3038 5106
399 334 716 387 BENEDICTIONES
735 334 784 387 m
799 335 1056 387 MONASTERIO.
1287 346 1336 397 279

133 487 289 553 cordibus
304 486 503 553 famulorum
526 499 659 554 tuorum
674 490 720 555 ob
733 489 876 574 gratiam
899 489 1096 555 saluationis
1118 488 1229 555 locum
1246 488 1334 552 hunc

133 572 415 657 frequentantium
445 596 577 659 semper
606 578 723 641 adesse
756 577 909 660 digneris.
940 578 984 640 sit
1012 596 1128 641 eorum
1159 596 1269 639 sermo
1299 576 1332 638 in

133 662 253 726 timore
268 672 328 726 tuo
343 662 475 746 ignitus.
490 674 591 745 atque
617 662 686 726 sale
711 665 873 728 conditus.
891 674 928 727 ut
952 684 1028 727 cum
1047 664 1125 727 hinc
1141 663 1335 726 recesserint

134 749 359 814 aduenientes.
375 750 418 813 de
433 749 591 833 exemplo
614 770 727 814 eorum
751 751 890 833 gloriam
907 752 955 814 tui
972 752 1115 814 nominis
1131 751 1334 832 praedicent.

133 855 200 919 per.

651 942 694 1005 In
717 942 816 1006 Area.

178 1051 367 1133 Multiplica
382 1053 518 1117 domine
543 1074 643 1135 super
666 1074 727 1117 nos
752 1055 1010 1117 misericordiam
1032 1063 1183 1116 tuamet
1199 1072 1334 1134 praeces

134 1148 263 1201 nostras
290 1140 452 1221 propitius
476 1141 637 1203 exaudire
662 1141 808 1223 dignare.
824 1151 858 1204 et
883 1143 968 1203 sicut
986 1141 1154 1203 exaudisti
1171 1140 1332 1203 famulum

134 1234 228 1288 tuum
245 1246 357 1308 regem
373 1227 472 1290 david
489 1229 545 1308 qui
562 1237 596 1290 te
612 1229 644 1290 in
661 1248 738 1290 area
753 1229 878 1291 hostias
890 1228 1062 1290 offerendo
1077 1227 1232 1308 placauit.
1249 1229 1331 1289 iram

133 1314 262 1376 auertit.
287 1312 527 1394 indulgentiam
556 1314 754 1397 impetrauit.
814 1316 865 1378 lta
892 1316 1005 1376 ueniat
1028 1334 1209 1396 quesumus
1235 1334 1334 1395 super

132 1398 218 1462 hanc
243 1420 354 1463 aream
381 1412 512 1483 sperate
538 1400 780 1465 benedictionis
810 1402 952 1465 ubertas.
980 1411 1016 1464 ut
1041 1401 1157 1482 repleti
1184 1400 1332 1483 frugibus

132 1485 197 1548 tuis
212 1487 255 1549 de
271 1497 329 1550 tua
343 1508 475 1570 semper
490 1488 712 1552 misericordia
727 1489 913 1570 gloriemur.
930 1508 995 1570 per.

612 1638 655 1701 In
681 1638 855 1702 Granarr'o.

176 1748 399 1831 Omnipotens
415 1760 448 1813 et
464 1750 647 1813 misericors
663 1752 755 1814 deus.
771 1751 829 1832 qui
851 1749 1053 1813 benedixisti
1076 1750 1194 1811 horrea
1209 1750 1332 1831 ioseph.

132 1855 243 1898 aream
274 1837 430 1900 iedeonis.
446 1847 480 1900 et
504 1836 613 1900 adhuc
640 1839 730 1918 quod
756 1839 862 1900 maius
889 1847 948 1900 est.
964 1837 1051 1899 iacta
1074 1847 1180 1899 terrae
1204 1839 1333 1899 semina

132 1942 265 2006 surgere
275 1922 355 1986 lacis
364 1943 440 1986 cum
452 1923 585 1987 foenore
596 1925 721 1987 messis.
731 1934 764 1987 te
776 1923 944 1987 humiliter
956 1943 1135 2005 quesumus
1146 1934 1183 1986 ut
1192 1924 1278 1986 sicut
1288 1925 1331 1987 ad

131 2011 326 2091 petitionem
358 2009 472 2074 famuli
498 2012 546 2074 tui
572 2011 658 2088 helie
690 2031 756 2074 non
781 2011 887 2074 deluit
917 2011 1038 2073 uiduae
1070 2010 1182 2073 farina.
1213 2011 1259 2073 ita
1290 2011 1331 2073 ad

131 2107 265 2160 nostrae
291 2098 462 2179 paruitatis
488 2096 668 2181 [suffragia.
693 2098 768 2160 huic
795 2097 913 2160 horreo
938 2096 1137 2159 famulorum
1165 2096 1221 2179 [so.
1239 2114 1324 2161 201v

131 2192 263 2246 tuorum
281 2204 346 2246 non
363 2184 449 2248 desit
465 2185 705 2248 benedictionis
721 2195 799 2248 tuae
815 2184 1054 2247 habundantia.
1071 2204 1137 2266 per.

588 2316 703 2382 Oratio
726 2319 762 2381 in
784 2318 944 2382 Pistrino.

176 2427 385 2511 Inquirentes
400 2438 512 2492 autem
528 2430 711 2493 dominum.

174 2514 406 2580 Sanctificetur
429 2516 522 2579 istius
549 2516 708 2581 officinae.
734 2517 825 2580 locus
849 2517 985 2580 domine
1012 2526 1045 2580 et
1073 2516 1206 2599 lugetur
1231 2516 1274 2579 ab
1290 2537 1330 2579 eo

129 2603 238 2665 omnis
254 2600 423 2677 inmundi†
437 2604 570 2685 spiritus
586 2624 645 2686 per
665 2606 821 2668 uirtutem
847 2605 973 2667 domini
990 2605 1092 2666 nostri
1116 2604 1185 2666 iesu
1208 2603 1329 2666 christi.

127 2688 290 2771 deturque
334 2690 488 2754 omnibus
533 2692 566 2753 in
611 2711 652 2754 eo
689 2691 979 2754 commorantibus.
1018 2691 1150 2753 sanitas.
1189 2689 1329 2753 claritas.

127 2776 284 2840 hilaritas
310 2786 505 2859 protegente
529 2798 568 2840 ac
594 2788 812 2841 conseruante
838 2779 1011 2841 maiestate
1035 2787 1093 2839 tua
1117 2777 1328 2858 omnipotens

127 2862 218 2927 deus.
233 2864 290 2945 qui
305 2864 399 2927 uiuis.

520 2966 595 3049 [Ad
606 2969 776 3032 r'ntroitum
784 2968 935 3051 portac.¹]

173 3078 239 3141 Uia
254 3086 443 3141 sanctorum
459 3079 609 3142 omnium
632 3080 767 3143 domine
783 3081 851 3143 iesu
868 3080 998 3143 christe.
1014 3079 1070 3161 qui
1086 3078 1129 3141 ad
1145 3087 1178 3141 te
1194 3078 1328 3141 uenien-

127 3163 217 3228 tibus
232 3163 390 3228 claritatis
405 3165 528 3247 gaudia
543 3166 719 3230 contulisti.
736 3168 907 3230 introitum
929 3166 1045 3248 templi
1061 3166 1155 3230 istius
1171 3164 1243 3228 luce
1254 3186 1326 3247 per·

128 3248 238 3315 funde.
254 3252 310 3333 qui
327 3251 436 3314 locum
463 3253 563 3314 istum
587 3253 619 3315 in
636 3253 761 3317 honore
788 3255 906 3317 beatae
921 3255 974 3317 dei
990 3253 1166 3336 genetricis
1181 3272 1324 3335 semper-

128 3357 194 3420 que
217 3338 354 3419 uirginis
379 3340 509 3403 mariae.
527 3349 559 3402 et
584 3339 756 3404 beatorum
781 3341 1009 3423 apostolorum
1035 3350 1166 3403 tuorum
1193 3340 1275 3421 petri
1292 3351 1325 3403 et

127 3424 226 3507 pauli.
253 3435 353 3506 atque
376 3426 520 3489 andreae
546 3429 753 3492 consecrasti.
780 3439 913 3510 praesta
938 3447 1118 3510 quesumus
1142 3437 1179 3490 ut
1209 3446 1325 3489 omnes

125 3512 200 3575 istic
215 3512 248 3575 in
266 3521 299 3575 te
314 3513 494 3576 credentes
510 3513 683 3595 optineant
708 3517 839 3578 ueniam
867 3536 927 3597 pro
953 3515 1089 3577 delictis.
1106 3514 1149 3577 ab
1169 3513 1325 3575 omnibus

124 3598 306 3662 liberentur
339 3600 509 3681 angustiis.
535 3601 714 3681 impetrent
739 3603 896 3683 quicquid
923 3601 1078 3684 petierint
1101 3621 1161 3683 pro
1183 3600 1325 3662 necessi·

123 3685 250 3749 tatibus
275 3686 350 3749 suis.
377 3686 507 3768 placere
544 3707 676 3769 semper
711 3689 925 3769 praeualeant
962 3708 1075 3751 coram
1112 3687 1216 3750 oculis
1250 3688 1323 3749 tuis.

123 3774 281 3854 quatinus
311 3792 371 3855 per
408 3784 441 3837 te
474 3774 623 3836 omnium
655 3785 843 3837 sanctorum
876 3775 1164 3838 intercessionibus
1195 3774 1322 3837 muniti.

122 3858 233 3922 aulam
264 3861 420 3942 paradysi
451 3870 639 3924 mereantur
672 3861 806 3925 introire
835 3863 981 3926 saluator
1013 3861 1128 3924 mundi
1159 3862 1215 3943 qui
1246 3879 1322 3923 cum

120 3955 224 4030 patre

165 4032 218 4096 Tu
233 4053 269 4095 es
284 4041 405 4114 petrus.

168 4119 289 4203 Kyrrie
303 4119 436 4184 eleison.

165 4206 264 4270 Pater
279 4216 398 4270 noster.
444 4206 488 4272 Et
504 4228 547 4271 ne
562 4228 623 4271 nos
639 4209 784 4273 inducas.

165 4291 242 4356 Aue
258 4293 371 4357 maria.

167 4378 206 4443 ln
221 4388 402 4464 conspectu
416 4381 620 4465 angelorum.

348 4506 359 4542 ¹
373 4510 437 4563 Thia
446 4528 536 4581 prayer
545 4512 567 4565 ir
577 4512 685 4565 without
695 4528 745 4579 any
755 4513 865 4581 heading
876 4513 903 4565 iu
914 4514 957 4566 the
970 4514 1027 4565 MS.
