3038 5106
437 348 551 411 [nou]
577 348 662 401 Auo.
691 348 779 399 nnn
807 348 834 398 s.
866 346 1063 400 osuuaznr.
1307 356 1353 410 ¹95

597 514 662 577 Ad
670 512 897 596 complendum.

199 624 294 688 Haec
309 645 370 689 nos
385 626 577 689 communio
591 625 726 690 domine
749 635 867 709 purget
883 646 903 689 a
918 626 1062 689 crimine.
1078 642 1112 688 et
1127 625 1352 688 intercedente

151 712 253 776 beato
278 712 441 795 stephano
465 722 610 796 martyre
637 723 696 777 tuo
720 722 820 795 atque
845 712 1010 795 pontifice.
1037 712 1188 776 caelestis
1215 711 1350 775 remedii

153 798 253 863 faciat
268 819 341 863 esse
356 810 532 864 consortes.
549 820 616 883 per.

153 1010 206 1061 111.
224 998 319 1063 Nou.
342 997 439 1064 Auo.
463 997 881 1149 anneegnucsouun
906 997 1101 1062 Saeuum
1127 996 1350 1060 N1cnonen11

661 1098 873 1148 autumnus

197 1213 291 1276 Deus
306 1214 362 1295 qui
379 1234 413 1276 es
429 1224 618 1276 sanctorum
629 1223 762 1275 tuorum
773 1212 930 1294 splendor
940 1211 1105 1274 mirabilis.
1119 1212 1174 1293 qui
1191 1210 1350 1273 hodierna

152 1300 208 1362 die
224 1299 395 1364 beatorum
413 1311 595 1382 martyrum
620 1310 751 1363 tuorum
776 1299 936 1381 stephani.
954 1298 1141 1361 nichodemi
1158 1298 1350 1380 gamalielis.

153 1396 255 1468 atque
288 1387 410 1450 abibon
444 1388 668 1451 inuentionem
702 1386 879 1468 gloriosam
919 1386 1079 1448 reuelasti.
1110 1385 1154 1447 da
1191 1384 1286 1447 nobis
1317 1386 1349 1446 in

151 1483 287 1537 aeterna
302 1474 436 1537 laetitia.
452 1473 622 1537 decorum
639 1474 798 1535 societate
813 1473 965 1555 gaudere.
982 1493 1047 1554 per.

685 1610 822 1674 Secreta.

199 1723 339 1785 Munera
354 1723 413 1787 tibi
430 1723 566 1786 domine
589 1730 721 1785 nostrae
745 1721 933 1785 deuotionis
949 1719 1125 1784 offerimus.
1142 1740 1227 1802 quae
1243 1732 1276 1783 et
1292 1741 1352 1802 pro

154 1818 287 1872 tuorum
313 1809 372 1873 tibi
399 1820 494 1891 grata
524 1811 591 1872 sint
620 1810 745 1871 honore
775 1809 943 1871 iustorum.
960 1818 993 1871 et
1021 1808 1115 1871 nobis
1140 1808 1296 1870 salutaria
1319 1818 1352 1870 te

155 1895 333 1960 miserante
349 1897 551 1976 redsdantur.
569 1916 627 1978 per
642 1897 813 1959 dominum
830 1905 988 1958 nostrum.
1206 1894 1262 1977 [io.
1284 1911 1350 1972 140.

607 2032 669 2095 Ad
678 2031 903 2112 complendum.

200 2144 411 2227 Sumpsimus
437 2145 573 2209 domine
606 2153 794 2207 sanctorum
822 2153 953 2207 tuorum
979 2141 1138 2224 stephani.
1156 2142 1352 2205 nichodemi.

155 2231 340 2313 gamalielis
366 2242 466 2314 atque
491 2230 622 2295 abibon.
647 2231 873 2292 inuentioncm
900 2230 1124 2292 caelebrantcs
1145 2239 1352 2292 sacramenta

155 2317 319 2382 caelestia.
351 2329 481 2401 praesta
519 2338 698 2400 quesumus
735 2326 772 2379 ut
809 2316 898 2397 quod
937 2316 1163 2398 temporaliter
1199 2316 1352 2397 gerimus,

154 2405 299 2468 aeternis
315 2406 444 2487 gaudiis
460 2423 708 2487 consequamur.
725 2423 784 2485 per
799 2404 971 2465 dominum
988 2411 1145 2466 nostrum.

287 2613 396 2690 qust
417 2614 513 2678 Auo.
539 2614 695 2677 Nmnnu
719 2612 859 2678 Senem
884 2611 1082 2678 Osuunuut
1107 2612 1231 2674 Rno1s.

202 2733 425 2817 Omnipotens
451 2735 651 2817 sempiterne
677 2734 759 2797 deus
785 2735 840 2815 qui
866 2733 962 2795 huius
978 2732 1043 2795 dici
1068 2729 1244 2794 iocundam
1261 2731 1354 2793 beat·

156 2841 278 2903 amque
316 2822 474 2885 laetitiam
508 2822 538 2883 in
570 2822 675 2885 sancti
713 2822 799 2883 serui
837 2822 884 2883 tui
922 2818 1073 2882 osuualdi
1108 2817 1353 2899 sollempnitate

156 2909 365 2973 consecrasti.
389 2911 433 2973 da
465 2909 619 2972 cordibus
647 2909 766 2972 nostris
801 2908 848 2970 tui
881 2907 1008 2970 timoris
1034 2905 1249 2985 karitatisque
1274 2925 1354 2985 aug-

157 3005 317 3059 mentum.
333 3005 371 3058 ut
386 2996 478 3059 cuius
495 2996 527 3057 in
543 2996 637 3059 terris
653 2996 759 3057 sancti
784 2995 953 3075 sanguinis
976 2991 1170 3055 effusionem
1188 2991 1354 3054 caelebra-

158 3102 241 3145 mus.
258 3082 343 3145 illius
368 3083 401 3144 in
428 3083 521 3145 caelo
545 3082 676 3146 conlata
701 3081 884 3163 patrocinia
910 3079 1076 3143 mentibus
1092 3079 1280 3141 sentiamus.
1297 3098 1355 3159 per

155 3170 338 3233 dominum.

685 3296 822 3360 Secreta.

204 3410 299 3473 Haec
314 3409 449 3472 dominc
474 3427 655 3490 quesumus
680 3427 824 3470 munera
840 3426 926 3488 quae
943 3407 974 3468 in
991 3404 1080 3468 beati
1096 3404 1249 3466 osuualdi
1265 3423 1354 3465 com-

158 3497 398 3560 memoratione
428 3505 506 3558 tuae
533 3495 697 3558 maiestati
723 3492 900 3556 offerimus.
931 3492 1095 3573 benignus
1126 3511 1265 3553 assume.
1298 3510 1355 3572 per

156 3584 330 3647 dominum
347 3593 505 3646 nostrum.

666 3770 847 3851 Praesatrb.

203 3886 253 3949 (D
291 3895 423 3949 aeterne
459 3885 548 3949 deus.
605 3886 650 3949 Et
684 3885 859 3967 praecipue
896 3902 956 3965 pro
995 3880 1119 3943 meritis
1156 3878 1267 3943 dilecti
1306 3879 1354 3941 tui

157 3972 318 4035 osuualdi.
335 3971 395 4034 tibi
423 3970 612 4035 confitendo
640 3972 811 4033 immolare
838 3969 945 4032 laudis
969 3967 1111 4031 hostiam
1128 3967 1184 4047 qui
1200 3967 1355 4047 semetip-

158 4078 233 4121 sum
249 4059 309 4123 tibi
326 4058 403 4123 fecit
426 4059 569 4122 hostiam
595 4058 715 4121 uiuam.
742 4059 793 4120 cui
818 4076 893 4120 cum
919 4055 1058 4117 carnalis
1081 4051 1354 4137 generositatent†

159 4146 304 4229 parentis
333 4165 475 4208 coronae
505 4146 763 4227 adiungerentur
799 4150 994 4206 ornamenta
1032 4140 1160 4222 regalis.
1197 4139 1354 4220 spiritalis

159 4242 271 4296 tamen
288 4231 440 4295 adtactus
456 4232 624 4295 incentiuo
634 4232 755 4294 uiroris.
769 4230 906 4294 domum
919 4248 1012 4292 suam
1030 4248 1129 4309 super
1143 4224 1354 4307 euangelicae

158 4329 272 4401 petrae
295 4318 513 4383 fundamenta
542 4318 722 4383 constituit.
752 4336 908 4381 coronam
946 4312 1049 4397 quae†
1070 4315 1112 4379 de
1142 4312 1254 4395 lapide
1283 4312 1355 4375 sine

159 4404 313 4469 manibus
341 4406 456 4469 exciso
492 4405 535 4469 de
572 4415 694 4469 monte.
724 4404 825 4489 capiti
855 4422 916 4467 suo
945 4402 1030 4466 bene
1066 4402 1211 4465 uiuendo
1242 4398 1355 4483 inponi

157 4492 296 4575 optauit.
353 4492 550 4557 Praecamur
575 4512 654 4577 ergo
677 4490 888 4557 clementiam
914 4499 1017 4555 tuam.
1033 4499 1070 4553 ut
1085 4508 1144 4571 per
1165 4486 1247 4551 hacc
1263 4504 1356 4551 sacra

1150 4586 1176 4639 0
1206 4588 1225 4637 2
