3038 5106
333 331 418 381 KAL.
449 330 528 391 IUN.
558 329 773 381 DEDICATIO
798 330 827 381 S.
853 329 1075 381 NICOMEDIS.
1262 338 1307 392 177

172 510 227 587 ni
251 514 345 579 Kar.
371 512 455 578 lun,
480 511 638 577 Narnun
663 513 806 578 Sancn
829 512 1050 578 Aucusrnn
1074 515 1254 578 Enscon.

151 642 244 706 Deus
267 642 323 724 qui
351 661 412 705 nos
439 642 564 706 deuota
589 642 678 706 beati
704 641 872 724 augustini
904 642 1101 705 confessoris
1133 643 1181 705 tui
1207 650 1307 723 atque

100 728 273 813 pontificis
297 729 464 792 instantia.
492 730 535 792 ad
563 730 767 811 agnitionem
795 730 842 792 tui
868 730 974 792 sancti
1006 729 1150 791 nominis
1187 748 1307 790 uocare

102 816 265 899 dignatus
291 835 334 880 es
366 816 513 879 concede
543 817 713 899 propitius.
740 825 775 879 ut
806 816 899 879 cuius
929 815 1126 898 sollempnia
1157 815 1306 877 colimus

100 904 208 967 etiam
225 903 409 986 patrocinia
425 904 615 966 sentiamus.
632 924 698 986 per.

638 1057 775 1121 Secreta.

153 1168 292 1232 Hostias
323 1170 458 1232 domine
483 1169 590 1231 laudis
617 1169 682 1231 tuis
709 1166 869 1230 altaribus
896 1167 1102 1230 adhibemus,
1153 1187 1212 1230 uas
1237 1167 1307 1229 eius

103 1256 168 1319 tibi
193 1257 379 1338 patrocinio
405 1256 568 1318 credimus
596 1254 903 1340 scommendandas.
931 1256 1023 1317 cuius
1047 1275 1107 1316 nos
1129 1188 1189 1338 llo.
1217 1256 1306 1317 126v.

103 1342 242 1406 uoluisti
259 1344 345 1405 uotis
361 1344 404 1405 ad
421 1353 498 1406 tuae
514 1343 647 1424 pietatis
663 1343 835 1424 peruenire
852 1342 1014 1405 notitiam.
1031 1362 1096 1424 per.

625 1494 806 1576 Praey'atin

151 1606 202 1671 (D
226 1618 359 1669 aeterne
386 1607 476 1671 deus.
523 1609 688 1689 Diemque
715 1607 906 1669 natalicium
935 1606 1023 1670 beati
1046 1605 1213 1688 pontificis
1230 1625 1307 1668 con·

103 1692 306 1775 sessorisque
330 1695 376 1756 tui
400 1695 576 1775 augustini.
592 1696 682 1757 omni
705 1695 885 1756 deuotione
902 1694 1058 1756 uenerari.
1106 1691 1308 1774 Suppliciter

105 1778 328 1843 obsecrantes
360 1790 397 1844 ut
428 1782 535 1864 ipsum
562 1801 622 1842 nos
648 1781 737 1862 apud
766 1792 857 1842 tuam
889 1779 1100 1842 clementiam
1124 1780 1306 1842 sentiamus

104 1865 231 1931 habere
247 1879 433 1949 patronum.
448 1888 547 1949 quem
568 1878 625 1929 tua
648 1870 755 1948 gratia
780 1867 940 1947 largiente
958 1868 1136 1929 meruimus
1153 1878 1307 1929 aeternae

105 1954 226 2017 salutis
242 1956 409 2036 suscipere
426 1955 620 2017 ministrum.
637 1974 696 2036 per
711 1954 880 2017 christum.

555 2109 616 2171 Ad
634 2107 859 2189 complendum.

152 2220 247 2283 Beati
272 2219 421 2301 augustis
445 2220 640 2282 confessoris
666 2220 712 2282 tui
738 2229 838 2298 atque
866 2217 1031 2299 pontificis
1053 2219 1190 2280 domine
1213 2238 1306 2299 prae·

103 2305 201 2369 cibus
217 2306 431 2370 confidentes.
458 2327 637 2387 quesumus
662 2306 873 2368 clementiam
900 2315 1001 2367 tuam.
1028 2315 1065 2368 ut
1092 2325 1150 2387 per
1165 2326 1204 2367 ea
1221 2325 1306 2386 quae

104 2393 319 2475 sumpsimus.
336 2404 470 2456 aeterna
495 2395 637 2456 remedia
655 2392 834 2474 capiamus.
849 2412 916 2474 per.

283 2610 373 2672 Kar.
400 2610 481 2673 Ius.
507 2609 719 2671 Denrcnrro
744 2606 885 2670 Sancti
912 2606 1133 2670 Niconnnrs.

155 2737 246 2800 Deus
272 2740 329 2819 qui
356 2759 416 2800 nos
443 2739 530 2801 beati
558 2738 741 2799 nicomedis
769 2736 923 2814 martyris
947 2736 993 2798 tui
1019 2736 1142 2798 meritis
1158 2745 1192 2798 et
1209 2736 1306 2798 inter-

102 2826 257 2887 cessione
274 2825 441 2887 laetificas
458 2826 603 2887 concede
619 2824 781 2906 propitius
798 2834 834 2886 ut
850 2823 906 2902 qui
922 2824 993 2885 eius
1016 2821 1175 2885 beneficia
1199 2824 1305 2904 posci-

104 2931 192 2975 mus
208 2913 297 2975 dona
314 2924 390 2975 tuae
406 2914 532 2995 gratiae
548 2930 798 2991 consequamur.
814 2930 880 2991 per.

627 3066 762 3129 Secreta.

151 3176 291 3240 Munera
317 3179 451 3241 domine
478 3178 591 3242 oblata
618 3176 787 3240 sanctifica
803 3185 836 3238 et
852 3176 1077 3237 intercedente
1100 3175 1199 3237 beato
1215 3176 1304 3239 nico·

102 3264 204 3327 mede
242 3276 386 3344 martyre
424 3279 481 3328 tuo
519 3286 579 3327 nos
616 3285 675 3346 per
712 3265 793 3326 haec
823 3284 843 3324 a
873 3272 1084 3344 peccatorum
1116 3274 1302 3326 nostrorum

104 3351 244 3415 maculis
266 3353 418 3415 emunda.
435 3373 501 3435 per.

623 3496 802 3576 Praefatio.

148 3609 199 3674 (D
224 3620 357 3672 aeterne
373 3611 461 3673 deus,
511 3612 554 3673 Et
570 3613 601 3674 in
619 3609 781 3694 praesenti
800 3608 979 3671 sestiuitate
995 3608 1100 3669 sancti
1119 3608 1299 3671 nicomedis

101 3697 259 3776 martyris
282 3698 330 3759 tui
358 3696 416 3759 tibi
444 3698 634 3760 confitendo
659 3698 765 3759 laudis
792 3696 916 3757 hostias
945 3694 1122 3756 immolare.
1140 3706 1299 3776 tuamque

101 3783 288 3846 inmensam
306 3785 462 3864 pictatem
480 3785 661 3865 implorare.
679 3795 715 3847 ut
742 3784 826 3845 sicut
852 3782 895 3844 illi
923 3782 1044 3845 dedisti
1060 3781 1211 3844 caelestis
1228 3782 1298 3862 pal-

102 3890 194 3933 mam
205 3872 371 3951 triumphi.
383 3872 428 3933 sic
444 3892 484 3933 eo
499 3871 702 3952 suffragante
713 3871 807 3932 nobis
820 3870 1092 3931 emundationem
1110 3889 1148 3930 ac
1165 3870 1296 3930 ueniam

100 3958 267 4019 concedas
285 3960 419 4039 peccati.
467 3958 515 4023 Ut
540 3960 572 4020 in
599 3972 631 4020 te
656 3958 846 4020 exultemus
874 3958 905 4019 in
933 3956 1158 4018 misericordia
1182 3958 1213 4018 in
1231 3976 1298 4037 quo

101 4042 158 4106 ille
174 4042 316 4107 laetatur
331 4046 363 4107 in
379 4046 484 4128 gloria
499 4066 557 4127 per
572 4045 730 4107 christum
746 4044 919 4107 dominum
936 4052 1086 4105 nostrum

547 4199 610 4261 Ad
626 4199 853 4279 corrmlendum.

147 4308 322 4392 Supplices
349 4319 382 4373 te
406 4330 560 4393 rogamus
584 4312 796 4392 omnipotens
822 4310 904 4372 deus
931 4319 966 4373 ut
996 4328 1080 4390 quos
1105 4307 1170 4371 tuis
1193 4307 1298 4371 reficis

99 4396 334 4481 [sacramentis
356 4398 580 4461 intercedente
602 4397 701 4462 beato
722 4397 896 4460 nicomede
919 4407 1062 4477 martyre
1085 4405 1144 4459 tuo
1158 4394 1214 4477 [so.
1229 4412 1299 4475 127.

99 4482 204 4549 etiam
220 4483 351 4637 {2⁶}th
366 4484 512 4548 moribus
527 4484 703 4567 dignanter
714 4483 839 4547 tribuas
855 4483 1026 4546 deseruire.
1042 4502 1108 4565 per.
1142 4582 1168 4631 γ

146 4582 237 4649 Jurrr
331 4620 340 4635 .
1143 4604 1153 4631 r
