3038 5106
536 322 628 371 DOM.
654 320 709 369 DE
733 319 914 370 PASSIONE
936 318 1088 370 DOMINI.

749 528 885 594 Secreta.

258 641 492 705 Oblationibus
518 660 698 722 quesumus
729 639 865 703 domine
891 638 1024 722 placare
1047 640 1218 722 susceptis.
1243 649 1276 703 et
1307 639 1351 703 ad
1384 648 1420 703 te

215 740 344 878 postras
384 730 485 791 etiam
524 728 662 791 rebelles
700 727 864 810 compelle
909 727 1071 810 propitius
1119 728 1319 792 uoluntates.
1357 748 1419 809 per

239 835 397 878 ominum.

726 925 907 1007 Praefatae.

260 1041 310 1103 (D
327 1048 458 1102 aeterne
474 1040 566 1101 deus.
584 1037 829 1101 misericordiae
844 1040 942 1102 dator
956 1047 990 1101 et
1000 1036 1103 1101 totius
1118 1037 1279 1101 bonitatis
1290 1048 1417 1102 auctor.

216 1127 272 1207 qui
303 1127 431 1188 ieiuniis
461 1126 665 1188 orationibus
691 1135 725 1189 et
748 1126 946 1187 elemosinis,
971 1136 1183 1207 peccatorum
1212 1126 1365 1189 remedia.
1384 1137 1420 1188 et

217 1213 376 1275 uirtutum
407 1217 557 1275 omnium
590 1213 706 1275 tribuis
737 1213 947 1275 incrementa.
1003 1212 1054 1274 Te
1087 1212 1203 1275 humili
1234 1214 1419 1275 deuotione

216 1320 416 1381 praecamur.
434 1311 470 1362 ut
493 1302 548 1381 qui
573 1302 614 1363 ad
639 1299 720 1361 haec
742 1300 872 1380 agenda
887 1298 1137 1361 saluberrimam
1155 1300 1276 1362 dedisti
1293 1299 1420 1363 doctri-

216 1407 302 1448 nam.
319 1388 361 1449 ad
378 1386 613 1468 complendum
639 1385 836 1449 indefessam
861 1385 987 1448 tribuas
1011 1385 1201 1448 efficaciam.
1249 1386 1297 1450 Ut
1313 1387 1420 1449 oboe-

215 1474 344 1536 dienter
388 1484 446 1537 tua
490 1483 695 1554 exequentes
740 1483 925 1555 praecepta
964 1471 1102 1536 feliciter
1147 1484 1205 1536 tua
1242 1475 1419 1555 capiamus

217 1561 388 1642 promissa.
405 1581 464 1642 per
479 1560 646 1623 christum.

664 1697 727 1760 Ad
740 1696 965 1777 complendum.

260 1809 335 1871 Tua
360 1829 420 1871 nos
445 1809 580 1872 domine
604 1830 783 1891 quesumus
808 1819 925 1873 sancta
951 1809 1135 1892 purificent.
1152 1818 1185 1872 et
1212 1810 1419 1892 operationis

217 1897 308 1959 suael
324 1896 497 1979 perficiant
512 1917 583 1959 esse
599 1898 756 1979 placatos.
774 1917 838 1979 per.

681 2031 710 2095 S
710 2042 788 2113 uper
793 2032 958 2113 populum.

261 2145 353 2207 Deus
368 2146 424 2227 qui
441 2145 650 2226 sperantibus
673 2145 705 2206 in
730 2154 764 2208 te
787 2144 932 2206 misereri
956 2144 1067 2225 potius
1083 2143 1178 2225 eligis
1192 2163 1294 2224 quam
1311 2142 1416 2206 irasci.

217 2234 260 2296 da
287 2232 382 2294 nobis
406 2233 506 2314 digne
533 2232 610 2295 flere
635 2231 723 2294 mala
747 2251 833 2312 quae
858 2230 1002 2294 fecimus.
1020 2241 1057 2293 ut
1079 2241 1157 2294 tuae
1178 2230 1417 2293 consolationis

217 2319 358 2402 gratiam
382 2319 529 2382 inuenire
546 2338 738 2381 mereamur.
754 2337 814 2400 per
827 2318 1010 2380 dominum.

435 2503 508 2565 Dm
533 2502 730 2565 Doururca
752 2516 803 2564 na
828 2515 1006 2566 Passmua
1030 2501 1187 2565 Dounur.

261 2639 451 2722 Quesumus
478 2641 690 2722 omnipotens
706 2641 789 2702 deus
818 2639 976 2702 familiam
994 2649 1086 2702 tuam
1103 2640 1267 2721 propitius
1284 2640 1416 2721 respice.

217 2735 255 2789 ut
270 2736 304 2788 te
320 2727 480 2807 largiente
503 2737 636 2807 regatur
651 2727 682 2788 in
700 2746 844 2808 corpore.
860 2738 895 2790 et
917 2737 951 2790 te
974 2737 1128 2789 seruante
1151 2728 1359 2791 custodiatur
1383 2727 1416 2788 in

220 2823 339 2875 mente.
357 2834 415 2895 per
429 2814 611 2877 dominum.

751 2923 887 2987 Secreta.

262 3036 357 3098 Haec
374 3056 509 3098 munera
532 3056 711 3117 quesumus
733 3036 867 3098 domine
890 3044 923 3098 et
946 3035 1078 3099 uincula
1095 3046 1228 3099 nostrae
1243 3036 1417 3118 prauitatis

218 3123 401 3186 absoluant.
434 3134 466 3185 et
499 3132 575 3186 tuae
605 3124 701 3186 nobis
732 3124 978 3186 misericordiae
1015 3126 1104 3187 dona
1143 3123 1329 3188 concilient.
1361 3145 1419 3207 per

217 3211 399 3273 dominum.

729 3322 910 3402 Praesatrb.

261 3433 327 3518 lif)
344 3446 477 3498 aeterne
492 3437 581 3498 deus
600 3436 808 3498 maiestatem
826 3446 918 3497 tuam
930 3435 1129 3516 propensius
1143 3435 1261 3517 implo—
1273 3435 1329 3518 [fo.
1348 3450 1417 3516 54v.

219 3531 337 3585 rantes.
374 3533 410 3584 ut
440 3533 567 3603 quanto
599 3523 704 3602 magis
735 3524 806 3585 dies
830 3522 1020 3584 salutiferae
1053 3521 1243 3585 festiuitatis
1281 3525 1417 3586 accedit.

218 3618 314 3671 tanto
328 3609 482 3672 deuotius
498 3611 539 3672 ad
557 3610 627 3670 eius
643 3611 744 3690 digne
760 3608 1015 3671 caelebrandum
1033 3609 1245 3691 proficiamus
1262 3611 1418 3692 paschale

220 3697 422 3778 mysterium.
439 3717 498 3778 per
513 3697 672 3758 christum
690 3697 863 3758 dominum
881 3707 1040 3760 nostrum.

672 3841 703 3903 A
707 3841 734 3902 d
744 3840 969 3922 complendum.

264 3953 395 4015 Adesto
423 3953 519 4015 nobis
550 3952 686 4015 domine
716 3954 800 4015 deus
831 3962 944 4015 noster
977 3963 1010 4016 et
1035 3974 1119 4034 quos
1149 3955 1215 4016 tuis
1252 3956 1418 4036 mysteriis

222 4042 383 4102 recreasti.
400 4041 569 4122 perpetuis
585 4039 728 4102 defende
744 4041 925 4122 praesidiis
943 4061 1002 4122 per
1017 4041 1199 4103 dominum.

268 4229 275 4262 ¹
293 4229 348 4277 The
360 4244 427 4277 same
439 4229 542 4292 reading
561 4243 666 4292 appears
678 4227 703 4276 in
724 4227 767 4277 the
779 4228 805 4278 S.
820 4226 879 4277 Gall
899 4227 956 4276 MS.
972 4225 1029 4289 348,
1043 4227 1093 4275 and
1105 4227 1130 4276 in
1153 4227 1196 4276 the
1208 4226 1307 4277 Leofric
1320 4228 1416 4287 Missal

219 4295 303 4343 where
315 4295 333 4341 it
350 4294 394 4342 bas
414 4294 477 4342 been
498 4294 621 4342 amended
638 4293 671 4353 by
683 4293 726 4342 the
746 4293 864 4342 insertion
876 4291 905 4340 of
920 4292 963 4341 the
983 4293 1052 4340 word
1065 4294 1168 4341 renudet
1180 4292 1241 4340 after
1260 4309 1327 4341 suae.
1363 4294 1418 4341 Tne

221 4359 333 4408 leonine
346 4359 535 4422 Sacramentary
548 4359 595 4415 (ed.
612 4359 745 4417 Muratori)
758 4359 802 4407 bas
813 4357 964 4414 operationes
973 4373 1048 4406 suae:
1066 4358 1109 4406 but
1122 4358 1165 4406 the
1177 4359 1315 4406 correction
1333 4358 1358 4405 in
1376 4359 1418 4406 the

221 4425 317 4473 Leofric
330 4424 417 4472 Missal
429 4425 473 4537 hgs
485 4425 527 4473 the
538 4433 641 4489 support
653 4425 681 4472 ul
690 4425 731 4474 the
744 4423 861 4475 Gelaslan
872 4422 1090 4472 Postcummunion
1101 4423 1152 4471 “de
1160 4424 1255 4472 Pascha
1261 4423 1398 4472 Annotina
1404 4422 1417 4444 ’²

219 4491 286 4550 (Gel.
301 4489 368 4539 Sacr.
384 4505 408 4553 p.
426 4502 441 4549 9
459 4491 477 4549 .)
