3038 5106
428 354 479 407 ΧΙ.
506 354 591 405 KAL.
621 354 699 405 OCT.
726 355 813 407 ΝΑΤ.
840 355 868 407 S.
895 354 1056 405 MATHEI.
1302 368 1351 421 213

685 528 824 595 Secreta.

199 640 334 705 Praesta
357 661 537 723 quesumus
553 641 689 704 domine
711 641 795 704 deus
818 651 937 705 noster.
961 652 998 706 ut
1021 642 1106 706 sicut
1129 643 1162 706 in
1188 653 1247 707 tuo
1274 664 1351 707 con·

152 737 269 810 spectu
287 748 375 791 mors
390 744 441 791 est
456 729 623 811 praetiosa
645 737 844 791 sanctorum.
861 729 908 791 ita
931 749 1044 792 eorum
1062 731 1179 793 merita
1194 750 1353 795 ueneran-

153 816 238 879 tium
254 825 392 898 accepta
409 814 468 877 tibi
485 816 642 879 reddatur
657 816 792 879 oblatio.
810 835 874 897 per.

610 953 672 1015 Ad
682 952 908 1033 conplendum.

199 1061 392 1127 Sanctificet
415 1084 475 1125 nos
491 1064 627 1126 domine
653 1084 834 1145 quesumus
860 1066 908 1128 tui
935 1067 1104 1148 perceptio
1130 1066 1354 1143 sacramenta†

153 1160 189 1213 et
205 1151 395 1213 intercessio
410 1151 529 1213 beatae
545 1153 699 1233 martyris
717 1161 793 1214 tuae
809 1151 971 1215 eufemiae
987 1152 1046 1216 tibi
1063 1153 1180 1217 reddat
1190 1165 1344 1237 acceptos

154 1257 213 1320 per
227 1239 400 1301 dominum
418 1248 575 1301 nostrum.

177 1453 317 1517 Eonan
342 1453 414 1514 Dra
436 1452 593 1514 Narona
618 1452 854 1516 Snucronunr
879 1452 1023 1516 Lucma
1047 1467 1093 1515 ar
1110 1452 1332 1517 Garnurnur.

202 1583 336 1647 Praesta
351 1602 531 1663 quesumus
550 1582 684 1644 domine
706 1581 879 1664 praecibus
904 1581 1024 1643 nostris
1048 1601 1121 1644 cum
1146 1581 1355 1645 exultatione

157 1681 363 1753 prouectum.
410 1679 446 1731 ut
483 1689 624 1749 quorum
672 1670 761 1731 diem
811 1669 974 1751 passionis
1020 1688 1131 1730 annua
1176 1669 1355 1731 deuotione

157 1756 341 1819 recolimus.
357 1757 457 1818 etiam
475 1756 550 1819 fidei
575 1756 798 1819 constantiam
814 1756 1061 1837 subsequamur.
1079 1775 1137 1836 per
1152 1757 1332 1819 dominum.

688 1899 825 1963 Secreta.

204 2014 295 2078 Uota
320 2014 433 2095 populi
460 2013 508 2076 tui
532 2013 667 2076 domine
692 2012 891 2095 propitiatus
916 2012 1059 2075 intende.
1083 2021 1117 2074 et
1141 2032 1280 2093 quorum
1298 2033 1357 2075 nos

156 2100 275 2165 tribuis
290 2100 487 2182 sollempnia
503 2100 698 2163 caelebrare.
715 2099 766 2162 sac
782 2100 927 2180 gaudere
943 2098 1115 2181 suffragiis.
1133 2120 1199 2180 per.

614 2244 676 2307 Ad
686 2244 911 2326 complendum.

203 2357 338 2421 Exaudi
356 2357 490 2420 domine
507 2378 640 2439 praeces
657 2364 796 2418 nostras.
812 2365 846 2418 et
862 2364 1052 2418 sanctorum
1070 2364 1202 2417 tuorum
1219 2374 1358 2436 quorum

158 2444 245 2509 festa
259 2445 487 2525 sollempniter
509 2444 743 2507 caelebramus.
759 2443 925 2505 continuis
950 2443 1121 2505 foueamur
1143 2442 1284 2505 auxiliis.
1302 2463 1360 2524 per

157 2532 333 2595 dominum
350 2541 508 2593 nostrum.

252 2764 315 2813 xrr.
342 2750 432 2813 Kar..
458 2749 544 2813 Ocr.
575 2747 726 2812 Ursum
750 2746 890 2811 Saucrr
916 2746 1072 2809 Marrrar
1095 2747 1294 2811 Arosrour.

202 2881 257 2945 Da
286 2879 381 2943 nobis
406 2879 619 2961 omnipotens
649 2879 731 2941 deus
758 2893 795 2939 ut
820 2877 907 2939 beati
936 2875 1060 2938 mathei
1083 2876 1226 2958 apostoli
1254 2876 1301 2939 tui
1327 2887 1360 2940 et

155 2968 384 3050 euangelistae
396 2987 497 3047 quam
515 2964 762 3048 ,spraeuenimus
777 2964 967 3027 ueneranda
983 2962 1175 3044 sollempni·
1191 2964 1247 3047 [lo
1270 2979 1359 3043 152v.

157 3066 219 3120 tas.
234 3066 269 3118 et
291 3056 508 3118 deuotioncm
522 3052 618 3113 nobis
634 3061 755 3133 augeat
772 3060 805 3113 et
821 3049 971 3112 salutem.
989 3071 1054 3132 per.

691 3188 828 3252 Secreta.

200 3302 419 3384 Apostolicae
453 3301 657 3363 reuerentiae
690 3299 820 3362 culmen
854 3296 1023 3360 offerimus
1061 3298 1162 3360 sacris
1194 3301 1359 3381 mysteriis

157 3390 384 3454 imbuendum.
411 3400 543 3470 praesta
568 3388 703 3449 domine
724 3405 904 3467 quesumus
930 3394 966 3447 ut
992 3384 1081 3447 beati
1108 3385 1231 3448 mathei
1258 3407 1358 3449 euan-

159 3478 297 3561 gelistae
310 3475 475 3557 suffragiis
489 3477 581 3538 cuius
597 3473 750 3535 natalicia
766 3470 963 3553 praehimus.
975 3471 1028 3533 hic
1044 3471 1138 3553 plebs
1153 3482 1210 3535 tua
1226 3494 1360 3556 sempe,-

157 3575 192 3627 et
208 3584 267 3626 sua
283 3574 363 3626 uota
379 3565 562 3644 depromat.
580 3572 613 3624 et
625 3560 812 3623 desiderata
825 3559 992 3640 percipiat.
1010 3579 1075 3639 per.

611 3707 673 3771 Ad
683 3705 908 3787 complendum.

201 3824 295 3886 Beati
329 3821 451 3884 mathei
483 3820 709 3901 euangelistae
739 3836 920 3899 quesumus
950 3818 1084 3881 domine
1115 3818 1357 3900 supplicatione

157 3912 315 3998 placatus.
331 3919 365 3970 et
382 3908 513 3970 ueniam
531 3907 626 3969 nobis
643 3906 757 3969 tribue.
774 3914 808 3967 et
825 3905 970 3967 remedia
986 3906 1188 3987 sempiterna
1203 3909 1355 3970 concede.

156 4020 215 4087 per
229 3996 404 4061 dominum
420 4005 576 4057 nostrum.

194 4227 241 4277 xr.
268 4214 358 4278 Kar.
376 4214 463 4280 Oea.
490 4214 646 4277 Narnia
672 4214 811 4279 Snucrr
837 4214 993 4276 Marrrar
1020 4215 1325 4277 Eunucanrsma.

202 4344 297 4409 Beati
328 4343 447 4418 matci†
473 4345 699 4427 euangelistae
723 4343 858 4407 dominc
883 4343 1057 4425 praecibus
1089 4344 1293 4408 adiuuemur.
1322 4356 1358 4409 ut

157 4432 249 4513 quod
277 4432 480 4515 possibilitas
504 4441 617 4495 nostra
642 4451 710 4495 non
734 4428 871 4494 obtinet.
902 4431 973 4493 eius
999 4429 1095 4493 nobis
1125 4430 1359 4495 intercessione

102 4596 105 4603 Ι
155 4518 308 4583 donetur.
320 4539 379 4601 per
394 4518 577 4583 dominum.
