3038 5106
415 344 587 398 NATIUIT.
616 346 643 396 S.
675 345 863 397 IOHANNIS
888 344 1106 397 BAPTISTAE.
1308 341 1353 406 183

610 504 674 567 Ad
682 506 910 587 conplendum.

202 604 337 669 Praesta
351 625 533 688 quesumus
558 608 771 691 omnipotens
787 610 869 672 deus
884 617 922 672 ut
936 608 992 690 qui
1017 607 1174 671 caelestia
1196 605 1355 669 alimenta

153 692 373 775 percepimus,
389 694 613 758 intercedente
629 695 730 758 beato
746 695 889 759 iohanne
905 694 1052 779 baptista
1068 715 1127 778 per
1142 694 1224 757 haec
1240 700 1355 755 contra

152 780 269 843 omnia
284 780 426 844 aduersa
441 783 636 845 muniamur.
653 803 718 865 per.

635 944 697 1009 An
722 947 879 1010 Mrssnu.

200 1044 292 1108 Deus
315 1048 371 1128 qui
388 1058 606 1130 praesentem.
631 1050 734 1127 dieml
751 1048 979 1112 honorabilem
1005 1048 1100 1111 nobis
1117 1048 1149 1109 in
1178 1046 1234 1128 [so.
1265 1060 1354 1123 130v.

153 1130 245 1194 beati
262 1134 413 1197 iohannis
429 1135 595 1216 baptistae
612 1137 787 1200 natiuitate
804 1135 917 1200 iecisti.
934 1137 978 1198 da
994 1135 1127 1217 populis
1143 1135 1208 1196 tuis
1224 1133 1354 1215 spirita-

152 1217 237 1281 lium
255 1222 396 1301 gratiam
419 1223 625 1303 gaudiorum.
643 1232 676 1286 et
698 1224 847 1286 omnium
870 1222 1017 1286 fidelium
1042 1232 1170 1284 mentes
1193 1220 1298 1301 dirige
1322 1218 1355 1281 in

153 1305 246 1368 uiam
262 1307 378 1371 salutis
393 1320 556 1373 aeternae.
573 1330 639 1392 per.

689 1422 826 1487 Secreta.

200 1516 274 1580 Tua
289 1539 349 1581 nos
364 1520 500 1583 domine
516 1520 707 1583 muneribus
723 1522 839 1585 altaria
861 1521 1077 1584 cumulamus
1094 1519 1179 1582 illius
1202 1519 1356 1581 natiuita-

153 1612 225 1666 tem
241 1604 366 1668 honore
381 1607 496 1671 debito
518 1607 731 1671 celebrantes.
747 1609 803 1690 qui
820 1609 1019 1671 saluatorem
1042 1607 1157 1670 mundi
1180 1616 1213 1668 et
1238 1605 1357 1667 cecinit

154 1689 357 1839 apsuturum.
392 1704 425 1756 et
459 1694 576 1757 adesse
615 1697 821 1759 monstrauit.
860 1696 1033 1758 dominum
1069 1703 1219 1756 nostrum
1251 1693 1354 1754 iesum

153 1797 173 1840 c
200 1788 324 1842 rrstum.

667 1894 848 1973 Prmfiztio.

201 1989 251 2053 (ฮธ
268 2000 401 2053 aeterne
416 1993 506 2054 deus.
552 1992 598 2056 Et
622 1992 654 2055 in
671 1993 725 2055 die
753 1991 942 2056 lestiuitatis
965 1990 1144 2054 hodiernae
1159 2010 1226 2072 qua
1240 1989 1359 2053 beatus

156 2075 317 2140 iohannes
348 2090 486 2141 exortus
516 2090 575 2142 est.
606 2088 698 2142 tuam
735 2078 1016 2162 magnificentiam
1055 2077 1262 2141 conlaudare.
1300 2077 1356 2158 qui

156 2182 276 2226 uocem
300 2166 414 2227 matris
437 2166 564 2229 domini
588 2165 737 2229 nondum
764 2168 873 2229 editus
894 2167 1005 2229 sensit.
1033 2176 1065 2228 et
1093 2165 1201 2229 adhuc
1226 2163 1357 2226 clausus

156 2258 259 2313 utero.
275 2252 457 2315 aduentum
473 2252 590 2316 salutis
613 2253 780 2316 humanae
802 2253 996 2334 prophetica
1011 2253 1219 2315 exultatione
1234 2249 1357 2331 signifi-

156 2337 253 2400 cauit
271 2338 328 2419 qui
343 2350 377 2401 et
397 2340 574 2420 genetricis
590 2339 800 2403 sterilitatem
826 2349 1008 2422 conceptus
1034 2339 1179 2402 abstulit.
1196 2348 1230 2400 et
1254 2337 1358 2419 patris

156 2424 304 2506 linguam
341 2436 438 2489 natus
484 2426 637 2490 absoluit.
705 2427 870 2506 Solusque
914 2427 1064 2488 omnium
1111 2425 1356 2507 prophetarum.

155 2506 400 2593 redemptorem
424 2514 540 2576 mundi
556 2534 655 2595 quem
680 2514 906 2596 pronuntiauit
930 2514 1085 2576 ostendit.
1132 2513 1177 2575 Et
1193 2520 1230 2574 ut
1246 2530 1358 2573 sacrae

155 2596 393 2679 purificationis
408 2599 564 2663 eflectum
581 2621 741 2682 aquarum
768 2610 886 2663 natura
901 2602 1088 2682 conciperet
1112 2597 1357 2661 sanctificandis

156 2684 303 2834 iorqianis
319 2683 450 2749 fluentis
467 2696 500 2750 et
523 2688 632 2769 ipsum
649 2688 818 2770 baptismo
842 2686 1053 2770 baptismatis
1074 2686 1155 2749 lauit
1178 2693 1355 2747 auctorem.

154 2781 215 2834 etr
240 2792 289 2835 eo.

605 2886 668 2948 Ad
677 2886 905 2968 complendum.

201 2980 363 3066 [8ยน]umat
377 2985 537 3048 aecclesia
553 2996 611 3049 tua
634 2987 716 3049 deus
735 2986 824 3048 beati
851 2985 1002 3048 iohannis
1030 2982 1198 3065 baptistae
1223 3002 1356 3064 genera-

155 3070 247 3133 tione
262 3069 432 3134 laetitiam.
449 3092 622 3154 perquem
638 3094 718 3137 suae
734 3072 991 3155 regenerationis
1002 3071 1162 3152 cognouit
1177 3079 1355 3133 auctorem.

154 3178 222 3241 per.

631 3270 695 3334 Ad
706 3282 879 3352 uesperum.

200 3367 293 3431 Deus
308 3369 364 3451 qui
381 3370 545 3450 conspicis
559 3370 638 3451 quia
661 3369 807 3452 undique
830 3370 918 3433 mala
941 3380 1053 3432 nostra
1076 3369 1281 3431 contristant.
1298 3388 1356 3449 per

154 3475 401 3537 praecursorem
439 3457 551 3538 gaudii
597 3460 697 3520 corda
734 3468 848 3520 nostra
891 3455 1040 3520 laetifica.
1079 3477 1138 3539 per
1181 3456 1353 3519 dominum

154 3551 314 3605 nostrum.

712 3654 744 3717 A
750 3656 804 3718 lia.

201 3751 293 3815 Deus
323 3752 379 3834 qui
411 3773 471 3815 nos
501 3753 589 3817 beati
624 3753 776 3817 iohannis
810 3754 983 3837 baptistae.
1014 3754 1168 3815 concedis
1198 3751 1353 3815 natalicio

154 3838 285 3923 perfrui.
301 3840 372 3902 eius
389 3860 448 3903 nos
471 3840 579 3903 tribue
602 3842 727 3905 meritis
749 3841 922 3917 adliuuari.
945 3860 1004 3923 per
1019 3840 1191 3902 dominum
1209 3839 1264 3921 [so.
1286 3855 1352 3918 131.

154 3936 314 3989 nostrum.

709 4040 802 4104 Alia.

200 4137 255 4201 Da
290 4140 476 4219 quesumus
508 4139 720 4221 omnipotens
756 4140 847 4203 deus.
878 4140 965 4204 intra
1002 4150 1137 4204 sanctae
1175 4136 1353 4200 aecclesiae

154 4235 285 4289 uterum
302 4225 510 4288 constitutos.
526 4246 567 4287 eo
582 4246 643 4288 nos
666 4226 781 4307 spiritu
799 4227 842 4290 ab
858 4227 1033 4309 iniquitate
1050 4236 1162 4289 nostra
1177 4222 1353 4286 iustificari.

152 4330 222 4395 quo
260 4312 394 4375 beatum
433 4311 611 4375 iohannem
650 4313 735 4376 intra
773 4314 899 4377 uiscera
936 4324 1089 4377 materna
1117 4310 1258 4375 docuisti
1296 4330 1354 4391 per

152 4398 298 4463 eundem
311 4398 485 4462 dominum
502 4408 660 4463 nostrum.

415 4514 424 4549 ยน
441 4516 503 4568 This
514 4518 587 4569 letter
597 4518 643 4568 has
654 4519 718 4570 been
729 4518 834 4569 omitted
846 4519 880 4585 by
891 4520 935 4571 the
945 4520 1107 4571 illuminator.
