<?xml version="1.0" encoding="UTF-8"?>
<!DOCTYPE html PUBLIC "-//W3C//DTD XHTML 1.0 Transitional//EN"
    "http://www.w3.org/TR/xhtml1/DTD/xhtml1-transitional.dtd">
<html xmlns="http://www.w3.org/1999/xhtml" xml:lang="en" lang="en">
 <head>
  <title>
</title>
<meta http-equiv="Content-Type" content="text/html;charset=utf-8" />
  <meta name='ocr-system' content='tesseract 3.04.00' />
  <meta name='ocr-capabilities' content='ocr_page ocr_carea ocr_par ocr_line ocrx_word'/>
</head>
<body>
  <div class='ocr_page' id='page_1' title='image "./missalrobertjum00wilsgoog_0136.png"; bbox 0 0 3038 5106; ppageno 0'>
   <div class='ocr_carea' id='block_1_1' title="bbox 617 359 1007 411">
    <p class='ocr_par' dir='ltr' id='par_1_1' title="bbox 617 359 1007 411">
     <span class='ocr_line' id='line_1_1' title="bbox 617 359 1007 411; baseline 0 0"><span class='ocrx_word' id='word_1_1' title='bbox 617 362 830 411; x_wconf 74' lang='lat' dir='ltr'><em>EPII’HANIA</em></span> <span class='ocrx_word' id='word_1_2' title='bbox 855 359 1007 411; x_wconf 84' lang='lat' dir='ltr'><em>DOMINI.</em></span> 
     </span>
    </p>
   </div>
   <div class='ocr_carea' id='block_1_2' title="bbox 677 573 951 655">
    <p class='ocr_par' dir='ltr' id='par_1_2' title="bbox 677 573 951 655">
     <span class='ocr_line' id='line_1_2' title="bbox 677 573 951 655; baseline 0 -19"><span class='ocrx_word' id='word_1_3' title='bbox 677 573 782 654; x_wconf 77' lang='lat' dir='ltr'><strong>Super</strong></span> <span class='ocrx_word' id='word_1_4' title='bbox 787 573 951 655; x_wconf 83' lang='lat' dir='ltr'><strong>populum.</strong></span> 
     </span>
    </p>
   </div>
   <div class='ocr_carea' id='block_1_3' title="bbox 213 684 1416 855">
    <p class='ocr_par' dir='ltr' id='par_1_3' title="bbox 213 684 1416 855">
     <span class='ocr_line' id='line_1_3' title="bbox 259 684 1416 768; baseline -0.001 -22"><span class='ocrx_word' id='word_1_5' title='bbox 259 685 438 766; x_wconf 89' lang='lat' dir='ltr'><strong>Propitiare</strong></span> <span class='ocrx_word' id='word_1_6' title='bbox 463 686 646 749; x_wconf 87' lang='lat' dir='ltr'>misericors</span> <span class='ocrx_word' id='word_1_7' title='bbox 668 684 759 749; x_wconf 82' lang='lat' dir='ltr'><strong>deus</strong></span> <span class='ocrx_word' id='word_1_8' title='bbox 782 684 1080 768; x_wconf 88' lang='lat' dir='ltr'>supplicationibus</span> <span class='ocrx_word' id='word_1_9' title='bbox 1103 684 1281 749; x_wconf 87' lang='lat' dir='ltr'><strong>nostriset</strong></span> <span class='ocrx_word' id='word_1_10' title='bbox 1308 703 1416 767; x_wconf 91' lang='lat' dir='ltr'><strong>popu·</strong></span> 
     </span>
     <span class='ocr_line' id='line_1_4' title="bbox 213 771 647 855; baseline 0.005 -22"><span class='ocrx_word' id='word_1_11' title='bbox 213 771 281 834; x_wconf 89' lang='lat' dir='ltr'><strong>lum</strong></span> <span class='ocrx_word' id='word_1_12' title='bbox 297 782 391 835; x_wconf 93' lang='lat' dir='ltr'><strong>tuum</strong></span> <span class='ocrx_word' id='word_1_13' title='bbox 408 775 559 855; x_wconf 87' lang='lat' dir='ltr'><strong>peruigili</strong></span> <span class='ocrx_word' id='word_1_14' title='bbox 574 774 647 855; x_wconf 86' lang='lat' dir='ltr'><strong>pro¹</strong></span> 
     </span>
    </p>
   </div>
   <div class='ocr_carea' id='block_1_4' title="bbox 542 934 1416 1019">
    <p class='ocr_par' dir='ltr' id='par_1_4' title="bbox 542 934 1416 1019">
     <span class='ocr_line' id='line_1_5' title="bbox 542 934 1416 1019; baseline -0.001 -20"><span class='ocrx_word' id='word_1_15' title='bbox 542 934 603 1019; x_wconf 69' lang='lat' dir='ltr'><strong>flu</strong></span> <span class='ocrx_word' id='word_1_16' title='bbox 629 936 785 1000; x_wconf 73' lang='lat' dir='ltr'><strong>Urcnrr</strong></span> <span class='ocrx_word' id='word_1_17' title='bbox 806 935 1073 999; x_wconf 74' lang='lat' dir='ltr'><strong>Tnaornnnrn.</strong></span> <span class='ocrx_word' id='word_1_18' title='bbox 1291 934 1347 1017; x_wconf 90' lang='lat' dir='ltr'><strong>[so.</strong></span> <span class='ocrx_word' id='word_1_19' title='bbox 1365 935 1416 1013; x_wconf 81' lang='lat'><strong>36.</strong></span> 
     </span>
    </p>
   </div>
   <div class='ocr_carea' id='block_1_5' title="bbox 212 1071 1414 1332">
    <p class='ocr_par' dir='ltr' id='par_1_5' title="bbox 212 1071 1414 1332">
     <span class='ocr_line' id='line_1_6' title="bbox 255 1071 1414 1156; baseline -0.003 -18"><span class='ocrx_word' id='word_1_20' title='bbox 255 1075 364 1138; x_wconf 87' lang='lat' dir='ltr'><strong>Corda</strong></span> <span class='ocrx_word' id='word_1_21' title='bbox 388 1083 499 1137; x_wconf 90' lang='lat' dir='ltr'><strong>nostra</strong></span> <span class='ocrx_word' id='word_1_22' title='bbox 521 1094 702 1156; x_wconf 85' lang='lat' dir='ltr'><strong>quesumus</strong></span> <span class='ocrx_word' id='word_1_23' title='bbox 724 1074 859 1136; x_wconf 89' lang='lat' dir='ltr'><strong>domine</strong></span> <span class='ocrx_word' id='word_1_24' title='bbox 875 1082 1035 1136; x_wconf 89' lang='lat' dir='ltr'><strong>uenturae</strong></span> <span class='ocrx_word' id='word_1_25' title='bbox 1050 1071 1239 1137; x_wconf 80' lang='lat' dir='ltr'><strong>sestiuitatis</strong></span> <span class='ocrx_word' id='word_1_26' title='bbox 1255 1071 1414 1155; x_wconf 89' lang='lat' dir='ltr'>splendor</span> 
     </span>
     <span class='ocr_line' id='line_1_7' title="bbox 212 1160 1414 1243; baseline -0.001 -21"><span class='ocrx_word' id='word_1_27' title='bbox 212 1160 360 1224; x_wconf 85' lang='lat' dir='ltr'><strong>illustret.</strong></span> <span class='ocrx_word' id='word_1_28' title='bbox 376 1182 443 1243; x_wconf 93' lang='lat' dir='ltr'><strong>quo</strong></span> <span class='ocrx_word' id='word_1_29' title='bbox 460 1162 574 1224; x_wconf 89' lang='lat' dir='ltr'><strong>mundi</strong></span> <span class='ocrx_word' id='word_1_30' title='bbox 591 1162 687 1224; x_wconf 91' lang='lat' dir='ltr'><strong>huius</strong></span> <span class='ocrx_word' id='word_1_31' title='bbox 707 1161 852 1224; x_wconf 89' lang='lat' dir='ltr'><strong>tenebris</strong></span> <span class='ocrx_word' id='word_1_32' title='bbox 868 1181 977 1223; x_wconf 89' lang='lat' dir='ltr'><strong>carere</strong></span> <span class='ocrx_word' id='word_1_33' title='bbox 994 1160 1171 1224; x_wconf 87' lang='lat' dir='ltr'><strong>ualeamus.</strong></span> <span class='ocrx_word' id='word_1_34' title='bbox 1187 1171 1221 1224; x_wconf 86' lang='lat' dir='ltr'><strong>et</strong></span> <span class='ocrx_word' id='word_1_35' title='bbox 1244 1161 1414 1243; x_wconf 90' lang='lat' dir='ltr'><strong>peruenia-</strong></span> 
     </span>
     <span class='ocr_line' id='line_1_8' title="bbox 212 1248 1130 1332; baseline 0.002 -23"><span class='ocrx_word' id='word_1_36' title='bbox 212 1268 286 1310; x_wconf 91' lang='lat' dir='ltr'><strong>mus</strong></span> <span class='ocrx_word' id='word_1_37' title='bbox 302 1248 344 1311; x_wconf 92' lang='lat' dir='ltr'><strong>ad</strong></span> <span class='ocrx_word' id='word_1_38' title='bbox 361 1250 502 1332; x_wconf 92' lang='lat' dir='ltr'><strong>patriam</strong></span> <span class='ocrx_word' id='word_1_39' title='bbox 519 1249 679 1311; x_wconf 87' lang='lat' dir='ltr'>claritatis</span> <span class='ocrx_word' id='word_1_40' title='bbox 695 1261 857 1311; x_wconf 88' lang='lat' dir='ltr'><strong>aeternae.</strong></span> <span class='ocrx_word' id='word_1_41' title='bbox 874 1269 933 1330; x_wconf 91' lang='lat' dir='ltr'><strong>per</strong></span> <span class='ocrx_word' id='word_1_42' title='bbox 948 1248 1130 1311; x_wconf 91' lang='lat' dir='ltr'><strong>dominum.</strong></span> 
     </span>
    </p>
   </div>
   <div class='ocr_carea' id='block_1_6' title="bbox 744 1387 883 1451">
    <p class='ocr_par' dir='ltr' id='par_1_6' title="bbox 744 1387 883 1451">
     <span class='ocr_line' id='line_1_9' title="bbox 744 1387 883 1451; baseline -0.007 -2"><span class='ocrx_word' id='word_1_43' title='bbox 744 1387 883 1451; x_wconf 82' lang='lat' dir='ltr'><strong>Secreta.</strong></span> 
     </span>
    </p>
   </div>
   <div class='ocr_carea' id='block_1_7' title="bbox 211 1496 1415 1755">
    <p class='ocr_par' dir='ltr' id='par_1_7' title="bbox 211 1496 1415 1755">
     <span class='ocr_line' id='line_1_10' title="bbox 254 1496 1415 1581; baseline -0.003 -20"><span class='ocrx_word' id='word_1_44' title='bbox 254 1500 377 1562; x_wconf 90' lang='lat' dir='ltr'><strong>Tribue</strong></span> <span class='ocrx_word' id='word_1_45' title='bbox 406 1519 586 1581; x_wconf 83' lang='lat' dir='ltr'><strong>quesumus</strong></span> <span class='ocrx_word' id='word_1_46' title='bbox 616 1500 750 1562; x_wconf 90' lang='lat' dir='ltr'><strong>dominc</strong></span> <span class='ocrx_word' id='word_1_47' title='bbox 775 1509 812 1561; x_wconf 92' lang='lat' dir='ltr'><strong>ut</strong></span> <span class='ocrx_word' id='word_1_48' title='bbox 842 1519 917 1561; x_wconf 91' lang='lat' dir='ltr'><strong>cum</strong></span> <span class='ocrx_word' id='word_1_49' title='bbox 949 1498 1178 1581; x_wconf 89' lang='lat' dir='ltr'><strong>praesentibus</strong></span> <span class='ocrx_word' id='word_1_50' title='bbox 1203 1496 1415 1560; x_wconf 90' lang='lat' dir='ltr'><strong>immolemus</strong></span> 
     </span>
     <span class='ocr_line' id='line_1_11' title="bbox 211 1585 1415 1668; baseline -0.002 -20"><span class='ocrx_word' id='word_1_51' title='bbox 211 1586 378 1649; x_wconf 86' lang='lat' dir='ltr'><strong>sacrificiis</strong></span> <span class='ocrx_word' id='word_1_52' title='bbox 389 1599 423 1649; x_wconf 90' lang='lat' dir='ltr'><strong>et</strong></span> <span class='ocrx_word' id='word_1_53' title='bbox 439 1607 618 1649; x_wconf 89' lang='lat' dir='ltr'><strong>sumamus.</strong></span> <span class='ocrx_word' id='word_1_54' title='bbox 634 1607 734 1668; x_wconf 89' lang='lat' dir='ltr'><strong>quem</strong></span> <span class='ocrx_word' id='word_1_55' title='bbox 751 1596 910 1650; x_wconf 90' lang='lat' dir='ltr'><strong>uenturae</strong></span> <span class='ocrx_word' id='word_1_56' title='bbox 933 1585 1190 1667; x_wconf 87' lang='lat' dir='ltr'><strong>sollempnitatis</strong></span> <span class='ocrx_word' id='word_1_57' title='bbox 1206 1586 1262 1668; x_wconf 92' lang='lat' dir='ltr'><strong>pia</strong></span> <span class='ocrx_word' id='word_1_58' title='bbox 1278 1604 1415 1647; x_wconf 91' lang='lat' dir='ltr'><strong>munera</strong></span> 
     </span>
     <span class='ocr_line' id='line_1_12' title="bbox 211 1673 720 1755; baseline 0.004 -21"><span class='ocrx_word' id='word_1_59' title='bbox 211 1673 479 1755; x_wconf 86' lang='lat' dir='ltr'><strong>praeloquuntur.</strong></span> <span class='ocrx_word' id='word_1_60' title='bbox 495 1694 553 1755; x_wconf 90' lang='lat' dir='ltr'><strong>per</strong></span> <span class='ocrx_word' id='word_1_61' title='bbox 568 1674 720 1737; x_wconf 91' lang='lat' dir='ltr'><strong>cundem.</strong></span> 
     </span>
    </p>
   </div>
   <div class='ocr_carea' id='block_1_8' title="bbox 720 1809 901 1890">
    <p class='ocr_par' dir='ltr' id='par_1_8' title="bbox 720 1809 901 1890">
     <span class='ocr_line' id='line_1_13' title="bbox 720 1809 901 1890; baseline 0.006 -18"><span class='ocrx_word' id='word_1_62' title='bbox 720 1809 901 1890; x_wconf 80' lang='lat' dir='ltr'><strong>Praefatio.</strong></span> 
     </span>
    </p>
   </div>
   <div class='ocr_carea' id='block_1_9' title="bbox 210 1921 1417 2527">
    <p class='ocr_par' dir='ltr' id='par_1_9' title="bbox 210 1921 1417 2527">
     <span class='ocr_line' id='line_1_14' title="bbox 255 1921 1413 1987; baseline -0.001 -1"><span class='ocrx_word' id='word_1_63' title='bbox 255 1925 304 1987; x_wconf 73' lang='grc' dir='ltr'><strong>(Β</strong></span> <span class='ocrx_word' id='word_1_64' title='bbox 321 1933 452 1986; x_wconf 86' lang='lat' dir='ltr'><strong>aeterne</strong></span> <span class='ocrx_word' id='word_1_65' title='bbox 468 1924 558 1986; x_wconf 91' lang='lat' dir='ltr'><strong>deus.</strong></span> <span class='ocrx_word' id='word_1_66' title='bbox 604 1922 654 1984; x_wconf 91' lang='lat' dir='ltr'><strong>Te</strong></span> <span class='ocrx_word' id='word_1_67' title='bbox 667 1921 801 1985; x_wconf 88' lang='lat' dir='ltr'><strong>laudare</strong></span> <span class='ocrx_word' id='word_1_68' title='bbox 818 1921 1001 1985; x_wconf 89' lang='lat' dir='ltr'><strong>mirabilem</strong></span> <span class='ocrx_word' id='word_1_69' title='bbox 1019 1922 1191 1985; x_wconf 89' lang='lat' dir='ltr'><strong>dominum</strong></span> <span class='ocrx_word' id='word_1_70' title='bbox 1209 1924 1241 1985; x_wconf 93' lang='lat' dir='ltr'><strong>in</strong></span> <span class='ocrx_word' id='word_1_71' title='bbox 1258 1922 1413 1986; x_wconf 92' lang='lat' dir='ltr'><strong>omnibus</strong></span> 
     </span>
     <span class='ocr_line' id='line_1_15' title="bbox 210 2009 1415 2092; baseline 0.002 -22"><span class='ocrx_word' id='word_1_72' title='bbox 210 2011 364 2088; x_wconf 86' lang='lat' dir='ltr'><strong>operibus</strong></span> <span class='ocrx_word' id='word_1_73' title='bbox 389 2012 452 2072; x_wconf 90' lang='lat' dir='ltr'><strong>tuis</strong></span> <span class='ocrx_word' id='word_1_74' title='bbox 476 2009 596 2092; x_wconf 91' lang='lat' dir='ltr'><strong>quibus</strong></span> <span class='ocrx_word' id='word_1_75' title='bbox 619 2010 839 2072; x_wconf 89' lang='lat' dir='ltr'><strong>sacratissima</strong></span> <span class='ocrx_word' id='word_1_76' title='bbox 872 2011 963 2090; x_wconf 86' lang='lat' dir='ltr'><strong>regni</strong></span> <span class='ocrx_word' id='word_1_77' title='bbox 995 2011 1042 2072; x_wconf 91' lang='lat' dir='ltr'><strong>tui</strong></span> <span class='ocrx_word' id='word_1_78' title='bbox 1073 2011 1232 2091; x_wconf 85' lang='lat' dir='ltr'><strong>mysteria</strong></span> <span class='ocrx_word' id='word_1_79' title='bbox 1254 2010 1415 2073; x_wconf 87' lang='lat' dir='ltr'><strong>reuelasti.</strong></span> 
     </span>
     <span class='ocr_line' id='line_1_16' title="bbox 212 2096 1417 2180; baseline 0.001 -21"><span class='ocrx_word' id='word_1_80' title='bbox 212 2096 311 2159; x_wconf 91' lang='lat' dir='ltr'><strong>Hanc</strong></span> <span class='ocrx_word' id='word_1_81' title='bbox 334 2098 421 2160; x_wconf 87' lang='lat' dir='ltr'><strong>enim</strong></span> <span class='ocrx_word' id='word_1_82' title='bbox 446 2096 659 2160; x_wconf 90' lang='lat' dir='ltr'><strong>sestiuitatem</strong></span> <span class='ocrx_word' id='word_1_83' title='bbox 684 2097 869 2159; x_wconf 88' lang='lat' dir='ltr'><strong>dominicae</strong></span> <span class='ocrx_word' id='word_1_84' title='bbox 892 2097 1108 2180; x_wconf 85' lang='lat' dir='ltr'><strong>apparitionis</strong></span> <span class='ocrx_word' id='word_1_85' title='bbox 1131 2097 1233 2159; x_wconf 86' lang='lat' dir='ltr'><strong>index</strong></span> <span class='ocrx_word' id='word_1_86' title='bbox 1256 2108 1417 2180; x_wconf 88' lang='lat' dir='ltr'><strong>perpetua</strong></span> 
     </span>
     <span class='ocr_line' id='line_1_17' title="bbox 210 2183 1414 2266; baseline 0 -21"><span class='ocrx_word' id='word_1_87' title='bbox 210 2184 379 2266; x_wconf 85' lang='lat' dir='ltr'><strong>uirginalis</strong></span> <span class='ocrx_word' id='word_1_88' title='bbox 395 2183 490 2247; x_wconf 92' lang='lat' dir='ltr'><strong>stella</strong></span> <span class='ocrx_word' id='word_1_89' title='bbox 507 2185 693 2265; x_wconf 89' lang='lat' dir='ltr'><strong>praecessit.</strong></span> <span class='ocrx_word' id='word_1_90' title='bbox 708 2202 794 2264; x_wconf 88' lang='lat' dir='ltr'><strong>quae</strong></span> <span class='ocrx_word' id='word_1_91' title='bbox 820 2195 935 2246; x_wconf 89' lang='lat' dir='ltr'><strong>natum</strong></span> <span class='ocrx_word' id='word_1_92' title='bbox 963 2184 995 2244; x_wconf 91' lang='lat' dir='ltr'><strong>in</strong></span> <span class='ocrx_word' id='word_1_93' title='bbox 1024 2195 1109 2246; x_wconf 90' lang='lat' dir='ltr'><strong>terra</strong></span> <span class='ocrx_word' id='word_1_94' title='bbox 1134 2185 1306 2247; x_wconf 89' lang='lat' dir='ltr'><strong>dominum</strong></span> <span class='ocrx_word' id='word_1_95' title='bbox 1322 2184 1414 2247; x_wconf 89' lang='lat' dir='ltr'><strong>caeli.</strong></span> 
     </span>
     <span class='ocr_line' id='line_1_18' title="bbox 212 2269 1415 2353; baseline 0 -20"><span class='ocrx_word' id='word_1_96' title='bbox 212 2273 319 2352; x_wconf 82' lang='lat' dir='ltr'><strong>magis</strong></span> <span class='ocrx_word' id='word_1_97' title='bbox 343 2271 552 2353; x_wconf 91' lang='lat' dir='ltr'><strong>stupentibus</strong></span> <span class='ocrx_word' id='word_1_98' title='bbox 575 2272 742 2333; x_wconf 89' lang='lat' dir='ltr'><strong>nuntiaret</strong></span> <span class='ocrx_word' id='word_1_99' title='bbox 773 2280 809 2333; x_wconf 91' lang='lat' dir='ltr'><strong>ut</strong></span> <span class='ocrx_word' id='word_1_100' title='bbox 835 2269 1096 2333; x_wconf 81' lang='lat' dir='ltr'><strong>manifestandus</strong></span> <span class='ocrx_word' id='word_1_101' title='bbox 1124 2269 1250 2334; x_wconf 92' lang='lat' dir='ltr'><strong>mundo</strong></span> <span class='ocrx_word' id='word_1_102' title='bbox 1274 2271 1357 2334; x_wconf 89' lang='lat' dir='ltr'><strong>deus</strong></span> <span class='ocrx_word' id='word_1_103' title='bbox 1381 2280 1415 2333; x_wconf 91' lang='lat' dir='ltr'><strong>et</strong></span> 
     </span>
     <span class='ocr_line' id='line_1_19' title="bbox 210 2357 1414 2440; baseline 0.001 -21"><span class='ocrx_word' id='word_1_104' title='bbox 210 2358 343 2421; x_wconf 89' lang='lat' dir='ltr'><strong>caelesti</strong></span> <span class='ocrx_word' id='word_1_105' title='bbox 355 2359 604 2421; x_wconf 85' lang='lat' dir='ltr'><strong>denuntiaretur</strong></span> <span class='ocrx_word' id='word_1_106' title='bbox 617 2358 746 2420; x_wconf 91' lang='lat' dir='ltr'><strong>indicio.</strong></span> <span class='ocrx_word' id='word_1_107' title='bbox 756 2367 790 2420; x_wconf 90' lang='lat' dir='ltr'><strong>et</strong></span> <span class='ocrx_word' id='word_1_108' title='bbox 802 2357 1030 2439; x_wconf 89' lang='lat' dir='ltr'><strong>temporaliter</strong></span> <span class='ocrx_word' id='word_1_109' title='bbox 1041 2368 1232 2440; x_wconf 90' lang='lat' dir='ltr'><strong>procreatus</strong></span> <span class='ocrx_word' id='word_1_110' title='bbox 1243 2358 1414 2440; x_wconf 86' lang='lat' dir='ltr'><strong>signorum</strong></span> 
     </span>
     <span class='ocr_line' id='line_1_20' title="bbox 211 2444 1058 2527; baseline 0 -20"><span class='ocrx_word' id='word_1_111' title='bbox 211 2445 444 2527; x_wconf 85' lang='lat' dir='ltr'><strong>temporalium</strong></span> <span class='ocrx_word' id='word_1_112' title='bbox 462 2446 642 2507; x_wconf 89' lang='lat' dir='ltr'><strong>ministerio</strong></span> <span class='ocrx_word' id='word_1_113' title='bbox 658 2445 866 2525; x_wconf 91' lang='lat' dir='ltr'><strong>panderetur.</strong></span> <span class='ocrx_word' id='word_1_114' title='bbox 913 2444 957 2506; x_wconf 90' lang='lat' dir='ltr'><strong>Et</strong></span> <span class='ocrx_word' id='word_1_115' title='bbox 975 2446 1058 2507; x_wconf 80' lang='lat' dir='ltr'><strong>idco,</strong></span> 
     </span>
    </p>
   </div>
   <div class='ocr_carea' id='block_1_10' title="bbox 665 2580 963 2663">
    <p class='ocr_par' dir='ltr' id='par_1_10' title="bbox 665 2580 963 2663">
     <span class='ocr_line' id='line_1_21' title="bbox 665 2580 963 2663; baseline 0.007 -21"><span class='ocrx_word' id='word_1_116' title='bbox 665 2580 727 2643; x_wconf 75' lang='lat' dir='ltr'><strong>Ad</strong></span> <span class='ocrx_word' id='word_1_117' title='bbox 737 2582 963 2663; x_wconf 83' lang='lat' dir='ltr'><strong>complendum.</strong></span> 
     </span>
    </p>
   </div>
   <div class='ocr_carea' id='block_1_11' title="bbox 212 2691 1416 3035">
    <p class='ocr_par' dir='ltr' id='par_1_11' title="bbox 212 2691 1416 3035">
     <span class='ocr_line' id='line_1_22' title="bbox 256 2691 1416 2777; baseline 0.003 -24"><span class='ocrx_word' id='word_1_118' title='bbox 256 2691 424 2754; x_wconf 91' lang='lat' dir='ltr'><strong>Inlumina</strong></span> <span class='ocrx_word' id='word_1_119' title='bbox 458 2713 636 2774; x_wconf 89' lang='lat' dir='ltr'><strong>quesumus</strong></span> <span class='ocrx_word' id='word_1_120' title='bbox 677 2694 813 2757; x_wconf 89' lang='lat' dir='ltr'><strong>domine</strong></span> <span class='ocrx_word' id='word_1_121' title='bbox 850 2694 1010 2777; x_wconf 91' lang='lat' dir='ltr'><strong>populum</strong></span> <span class='ocrx_word' id='word_1_122' title='bbox 1048 2703 1143 2756; x_wconf 90' lang='lat' dir='ltr'><strong>tuum</strong></span> <span class='ocrx_word' id='word_1_123' title='bbox 1175 2703 1209 2757; x_wconf 92' lang='lat' dir='ltr'><strong>et</strong></span> <span class='ocrx_word' id='word_1_124' title='bbox 1239 2692 1416 2775; x_wconf 90' lang='lat' dir='ltr'><strong>splendore</strong></span> 
     </span>
     <span class='ocr_line' id='line_1_23' title="bbox 212 2781 1416 2861; baseline 0.002 -21"><span class='ocrx_word' id='word_1_125' title='bbox 212 2781 338 2860; x_wconf 85' lang='lat' dir='ltr'><strong>gratiae</strong></span> <span class='ocrx_word' id='word_1_126' title='bbox 354 2790 430 2842; x_wconf 89' lang='lat' dir='ltr'><strong>tuae</strong></span> <span class='ocrx_word' id='word_1_127' title='bbox 447 2800 503 2841; x_wconf 95' lang='lat' dir='ltr'><strong>cor</strong></span> <span class='ocrx_word' id='word_1_128' title='bbox 517 2782 587 2841; x_wconf 91' lang='lat' dir='ltr'><strong>eius</strong></span> <span class='ocrx_word' id='word_1_129' title='bbox 604 2800 735 2861; x_wconf 87' lang='lat' dir='ltr'><strong>semper</strong></span> <span class='ocrx_word' id='word_1_130' title='bbox 754 2784 906 2845; x_wconf 87' lang='lat' dir='ltr'><strong>accende.</strong></span> <span class='ocrx_word' id='word_1_131' title='bbox 923 2793 960 2843; x_wconf 96' lang='lat' dir='ltr'><strong>ut</strong></span> <span class='ocrx_word' id='word_1_132' title='bbox 983 2782 1156 2844; x_wconf 89' lang='lat' dir='ltr'><strong>saluatoris</strong></span> <span class='ocrx_word' id='word_1_133' title='bbox 1180 2781 1295 2843; x_wconf 94' lang='lat' dir='ltr'><strong>mundi</strong></span> <span class='ocrx_word' id='word_1_134' title='bbox 1318 2781 1416 2843; x_wconf 90' lang='lat' dir='ltr'><strong>stella</strong></span> 
     </span>
     <span class='ocr_line' id='line_1_24' title="bbox 212 2866 1416 2951; baseline 0.003 -24"><span class='ocrx_word' id='word_1_135' title='bbox 212 2866 424 2928; x_wconf 79' lang='lat' dir='ltr'><strong>manifestata</strong></span> <span class='ocrx_word' id='word_1_136' title='bbox 435 2868 1227 2951; x_wconf 88' lang='lat' dir='ltr'><strong>natiuitatis.mentibuseorumreueletursemper</strong></span> <span class='ocrx_word' id='word_1_137' title='bbox 1238 2879 1271 2930; x_wconf 89' lang='lat' dir='ltr'><strong>et</strong></span> <span class='ocrx_word' id='word_1_138' title='bbox 1281 2880 1416 2931; x_wconf 88' lang='lat' dir='ltr'><strong>crescat.</strong></span> 
     </span>
     <span class='ocr_line' id='line_1_25' title="bbox 212 2953 788 3035; baseline 0.005 -21"><span class='ocrx_word' id='word_1_139' title='bbox 212 2974 270 3035; x_wconf 87' lang='lat' dir='ltr'><strong>per</strong></span> <span class='ocrx_word' id='word_1_140' title='bbox 282 2953 424 3015; x_wconf 87' lang='lat' dir='ltr'><strong>eundem</strong></span> <span class='ocrx_word' id='word_1_141' title='bbox 441 2954 613 3016; x_wconf 89' lang='lat' dir='ltr'><strong>dominum</strong></span> <span class='ocrx_word' id='word_1_142' title='bbox 631 2965 788 3018; x_wconf 91' lang='lat' dir='ltr'><strong>nostrum.</strong></span> 
     </span>
    </p>
   </div>
   <div class='ocr_carea' id='block_1_12' title="bbox 436 3115 1415 3203">
    <p class='ocr_par' dir='ltr' id='par_1_12' title="bbox 436 3115 1415 3203">
     <span class='ocr_line' id='line_1_26' title="bbox 436 3115 1415 3203; baseline 0.004 -25"><span class='ocrx_word' id='word_1_143' title='bbox 436 3115 540 3201; x_wconf 68' lang='lat' dir='ltr'><strong>&#39;svnt</strong></span> <span class='ocrx_word' id='word_1_144' title='bbox 566 3118 655 3182; x_wconf 84' lang='lat' dir='ltr'><strong>Inus</strong></span> <span class='ocrx_word' id='word_1_145' title='bbox 682 3119 760 3183; x_wconf 74' lang='lat' dir='ltr'><strong>IAN.</strong></span> <span class='ocrx_word' id='word_1_146' title='bbox 785 3119 998 3183; x_wconf 71' lang='lat' dir='ltr'><strong>Eenmnurn</strong></span> <span class='ocrx_word' id='word_1_147' title='bbox 1022 3119 1181 3183; x_wconf 80' lang='lat' dir='ltr'><strong>Dosrrur.</strong></span> <span class='ocrx_word' id='word_1_148' title='bbox 1268 3115 1324 3203; x_wconf 87' lang='lat' dir='ltr'><strong>[so.</strong></span> <span class='ocrx_word' id='word_1_149' title='bbox 1343 3133 1415 3198; x_wconf 82' lang='lat' dir='ltr'><strong>37v.</strong></span> 
     </span>
    </p>
   </div>
   <div class='ocr_carea' id='block_1_13' title="bbox 212 3256 1416 3599">
    <p class='ocr_par' dir='ltr' id='par_1_13' title="bbox 212 3256 1416 3599">
     <span class='ocr_line' id='line_1_27' title="bbox 257 3256 1416 3340; baseline 0 -22"><span class='ocrx_word' id='word_1_150' title='bbox 257 3256 349 3318; x_wconf 90' lang='lat' dir='ltr'><strong>Deus</strong></span> <span class='ocrx_word' id='word_1_151' title='bbox 365 3257 420 3337; x_wconf 90' lang='lat' dir='ltr'><strong>qui</strong></span> <span class='ocrx_word' id='word_1_152' title='bbox 446 3256 604 3319; x_wconf 87' lang='lat' dir='ltr'><strong>hodierna</strong></span> <span class='ocrx_word' id='word_1_153' title='bbox 620 3258 674 3320; x_wconf 93' lang='lat' dir='ltr'><strong>die</strong></span> <span class='ocrx_word' id='word_1_154' title='bbox 690 3259 897 3339; x_wconf 85' lang='lat' dir='ltr'><strong>unigenitum</strong></span> <span class='ocrx_word' id='word_1_155' title='bbox 925 3269 1019 3321; x_wconf 92' lang='lat' dir='ltr'><strong>tuum</strong></span> <span class='ocrx_word' id='word_1_156' title='bbox 1036 3258 1191 3340; x_wconf 85' lang='lat' dir='ltr'><strong>gentibus</strong></span> <span class='ocrx_word' id='word_1_157' title='bbox 1211 3256 1307 3320; x_wconf 89' lang='lat' dir='ltr'><strong>stella</strong></span> <span class='ocrx_word' id='word_1_158' title='bbox 1330 3257 1416 3318; x_wconf 90' lang='lat' dir='ltr'><strong>duce</strong></span> 
     </span>
     <span class='ocr_line' id='line_1_28' title="bbox 213 3344 1415 3427; baseline 0.002 -22"><span class='ocrx_word' id='word_1_159' title='bbox 213 3345 374 3406; x_wconf 86' lang='lat' dir='ltr'><strong>reuelasti.</strong></span> <span class='ocrx_word' id='word_1_160' title='bbox 391 3344 536 3406; x_wconf 88' lang='lat' dir='ltr'><strong>concede</strong></span> <span class='ocrx_word' id='word_1_161' title='bbox 553 3345 722 3426; x_wconf 82' lang='lat' dir='ltr'><strong>propitius¹</strong></span> <span class='ocrx_word' id='word_1_162' title='bbox 739 3357 776 3408; x_wconf 91' lang='lat' dir='ltr'><strong>ut</strong></span> <span class='ocrx_word' id='word_1_163' title='bbox 801 3348 857 3427; x_wconf 95' lang='lat' dir='ltr'><strong>qui</strong></span> <span class='ocrx_word' id='word_1_164' title='bbox 886 3346 950 3408; x_wconf 92' lang='lat' dir='ltr'><strong>iam</strong></span> <span class='ocrx_word' id='word_1_165' title='bbox 978 3355 1011 3407; x_wconf 92' lang='lat' dir='ltr'><strong>te</strong></span> <span class='ocrx_word' id='word_1_166' title='bbox 1035 3367 1080 3407; x_wconf 87' lang='lat' dir='ltr'><strong>ex</strong></span> <span class='ocrx_word' id='word_1_167' title='bbox 1107 3344 1172 3408; x_wconf 81' lang='lat' dir='ltr'><strong>lide</strong></span> <span class='ocrx_word' id='word_1_168' title='bbox 1188 3345 1415 3426; x_wconf 87' lang='lat' dir='ltr'><strong>cognouimus.</strong></span> 
     </span>
     <span class='ocr_line' id='line_1_29' title="bbox 212 3431 1415 3579; baseline 0.003 -88"><span class='ocrx_word' id='word_1_169' title='bbox 212 3451 317 3511; x_wconf 88' lang='lat' dir='ltr'><strong>usque</strong></span> <span class='ocrx_word' id='word_1_170' title='bbox 331 3432 373 3579; x_wconf 52' lang='lat' dir='ltr'><strong>a}</strong></span> <span class='ocrx_word' id='word_1_171' title='bbox 391 3431 683 3512; x_wconf 89' lang='lat' dir='ltr'><strong>contemplandam</strong></span> <span class='ocrx_word' id='word_1_172' title='bbox 700 3434 844 3513; x_wconf 89' lang='lat' dir='ltr'><strong>speciem</strong></span> <span class='ocrx_word' id='word_1_173' title='bbox 861 3442 937 3495; x_wconf 89' lang='lat' dir='ltr'><strong>tuae</strong></span> <span class='ocrx_word' id='word_1_174' title='bbox 960 3433 1163 3495; x_wconf 88' lang='lat' dir='ltr'><strong>celsitudinis</strong></span> <span class='ocrx_word' id='word_1_175' title='bbox 1186 3432 1415 3514; x_wconf 89' lang='lat' dir='ltr'><strong>perducamur.</strong></span> 
     </span>
     <span class='ocr_line' id='line_1_30' title="bbox 212 3537 439 3599; baseline 0.013 -21"><span class='ocrx_word' id='word_1_176' title='bbox 212 3539 271 3599; x_wconf 88' lang='lat' dir='ltr'><strong>per</strong></span> <span class='ocrx_word' id='word_1_177' title='bbox 286 3537 350 3579; x_wconf 92' lang='lat' dir='ltr'><strong>eun</strong></span> <span class='ocrx_word' id='word_1_178' title='bbox 376 3538 439 3581; x_wconf 89' lang='lat' dir='ltr'><strong>ern.</strong></span> 
     </span>
    </p>
   </div>
   <div class='ocr_carea' id='block_1_14' title="bbox 742 3631 879 3695">
    <p class='ocr_par' dir='ltr' id='par_1_14' title="bbox 742 3631 879 3695">
     <span class='ocr_line' id='line_1_31' title="bbox 742 3631 879 3695; baseline 0.007 -1"><span class='ocrx_word' id='word_1_179' title='bbox 742 3631 879 3695; x_wconf 80' lang='lat' dir='ltr'><strong>Secreta.</strong></span> 
     </span>
    </p>
   </div>
   <div class='ocr_carea' id='block_1_15' title="bbox 211 3740 1416 4067">
    <p class='ocr_par' dir='ltr' id='par_1_15' title="bbox 211 3740 1416 4067">
     <span class='ocr_line' id='line_1_32' title="bbox 257 3740 1416 3827; baseline 0.002 -24"><span class='ocrx_word' id='word_1_180' title='bbox 257 3740 447 3804; x_wconf 84' lang='lat' dir='ltr'><strong>Accelesiae</strong></span> <span class='ocrx_word' id='word_1_181' title='bbox 464 3751 540 3805; x_wconf 90' lang='lat' dir='ltr'><strong>tuae</strong></span> <span class='ocrx_word' id='word_1_182' title='bbox 555 3763 734 3824; x_wconf 87' lang='lat' dir='ltr'><strong>quesumus</strong></span> <span class='ocrx_word' id='word_1_183' title='bbox 751 3746 886 3807; x_wconf 89' lang='lat' dir='ltr'><strong>domine</strong></span> <span class='ocrx_word' id='word_1_184' title='bbox 901 3744 990 3806; x_wconf 92' lang='lat' dir='ltr'><strong>dona</strong></span> <span class='ocrx_word' id='word_1_185' title='bbox 1007 3744 1169 3827; x_wconf 91' lang='lat' dir='ltr'><strong>propitius</strong></span> <span class='ocrx_word' id='word_1_186' title='bbox 1193 3743 1327 3805; x_wconf 88' lang='lat' dir='ltr'><strong>intuere.</strong></span> <span class='ocrx_word' id='word_1_187' title='bbox 1343 3744 1416 3824; x_wconf 91' lang='lat' dir='ltr'><strong>qui-</strong></span> 
     </span>
     <span class='ocr_line' id='line_1_33' title="bbox 212 3829 1414 3912; baseline 0.002 -21"><span class='ocrx_word' id='word_1_188' title='bbox 212 3829 274 3891; x_wconf 92' lang='lat' dir='ltr'><strong>bus</strong></span> <span class='ocrx_word' id='word_1_189' title='bbox 305 3850 369 3891; x_wconf 92' lang='lat' dir='ltr'><strong>non</strong></span> <span class='ocrx_word' id='word_1_190' title='bbox 408 3831 473 3892; x_wconf 86' lang='lat' dir='ltr'><strong>iarn</strong></span> <span class='ocrx_word' id='word_1_191' title='bbox 508 3851 624 3892; x_wconf 90' lang='lat' dir='ltr'><strong>aurum</strong></span> <span class='ocrx_word' id='word_1_192' title='bbox 655 3831 732 3893; x_wconf 93' lang='lat' dir='ltr'><strong>thus</strong></span> <span class='ocrx_word' id='word_1_193' title='bbox 759 3840 792 3894; x_wconf 89' lang='lat' dir='ltr'><strong>et</strong></span> <span class='ocrx_word' id='word_1_194' title='bbox 820 3829 983 3912; x_wconf 70' lang='lat' dir='ltr'><strong>myrraml</strong></span> <span class='ocrx_word' id='word_1_195' title='bbox 1019 3831 1189 3912; x_wconf 80' lang='lat' dir='ltr'><strong>profertur.</strong></span> <span class='ocrx_word' id='word_1_196' title='bbox 1228 3831 1284 3892; x_wconf 91' lang='lat' dir='ltr'><strong>sed</strong></span> <span class='ocrx_word' id='word_1_197' title='bbox 1324 3831 1414 3910; x_wconf 93' lang='lat' dir='ltr'><strong>quod</strong></span> 
     </span>
     <span class='ocr_line' id='line_1_34' title="bbox 211 3917 1415 4001; baseline 0 -23"><span class='ocrx_word' id='word_1_198' title='bbox 211 3918 336 3980; x_wconf 90' lang='lat' dir='ltr'><strong>eisdem</strong></span> <span class='ocrx_word' id='word_1_199' title='bbox 351 3917 541 3981; x_wconf 89' lang='lat' dir='ltr'><strong>muneribus</strong></span> <span class='ocrx_word' id='word_1_200' title='bbox 557 3918 742 3982; x_wconf 89' lang='lat' dir='ltr'><strong>declaratur</strong></span> <span class='ocrx_word' id='word_1_201' title='bbox 753 3919 945 3981; x_wconf 89' lang='lat' dir='ltr'><strong>immolatur</strong></span> <span class='ocrx_word' id='word_1_202' title='bbox 960 3928 993 3981; x_wconf 89' lang='lat' dir='ltr'><strong>et</strong></span> <span class='ocrx_word' id='word_1_203' title='bbox 1008 3919 1155 3981; x_wconf 90' lang='lat' dir='ltr'><strong>sumitur.</strong></span> <span class='ocrx_word' id='word_1_204' title='bbox 1168 3939 1226 4001; x_wconf 91' lang='lat' dir='ltr'><strong>per</strong></span> <span class='ocrx_word' id='word_1_205' title='bbox 1240 3918 1415 3979; x_wconf 92' lang='lat' dir='ltr'><strong>dominum</strong></span> 
     </span>
     <span class='ocr_line' id='line_1_35' title="bbox 211 4015 370 4067; baseline 0.013 -2"><span class='ocrx_word' id='word_1_206' title='bbox 211 4015 370 4067; x_wconf 86' lang='lat' dir='ltr'><strong>nostrum.</strong></span> 
     </span>
    </p>
   </div>
   <div class='ocr_carea' id='block_1_16' title="bbox 209 4157 1416 4617">
    <p class='ocr_par' dir='ltr' id='par_1_16' title="bbox 209 4157 1416 4550">
     <span class='ocr_line' id='line_1_36' title="bbox 245 4157 1414 4248; baseline 0.001 -40"><span class='ocrx_word' id='word_1_207' title='bbox 245 4157 252 4187; x_wconf 90' lang='lat'>¹</span> <span class='ocrx_word' id='word_1_208' title='bbox 270 4161 325 4209; x_wconf 87' lang='lat' dir='ltr'><strong>The</strong></span> <span class='ocrx_word' id='word_1_209' title='bbox 337 4162 473 4241; x_wconf 31' lang='lat' dir='ltr'><strong>page&#39;ends</strong></span> <span class='ocrx_word' id='word_1_210' title='bbox 484 4177 520 4210; x_wconf 92' lang='lat' dir='ltr'><strong>so.</strong></span> <span class='ocrx_word' id='word_1_211' title='bbox 557 4162 612 4211; x_wconf 90' lang='lat' dir='ltr'><strong>The</strong></span> <span class='ocrx_word' id='word_1_212' title='bbox 624 4169 683 4211; x_wconf 87' lang='lat' dir='ltr'><strong>next</strong></span> <span class='ocrx_word' id='word_1_213' title='bbox 698 4160 761 4238; x_wconf 69' lang='lat' dir='ltr'><strong>lolio</strong></span> <span class='ocrx_word' id='word_1_214' title='bbox 778 4161 865 4248; x_wconf 64' lang='lat' dir='ltr'><strong>hegiris</strong></span> <span class='ocrx_word' id='word_1_215' title='bbox 877 4161 937 4210; x_wconf 87' lang='lat' dir='ltr'><strong>with</strong></span> <span class='ocrx_word' id='word_1_216' title='bbox 955 4177 970 4209; x_wconf 84' lang='lat' dir='ltr'>a</span> <span class='ocrx_word' id='word_1_217' title='bbox 987 4162 1059 4210; x_wconf 85' lang='lat' dir='ltr'><strong>small</strong></span> <span class='ocrx_word' id='word_1_218' title='bbox 1080 4176 1154 4225; x_wconf 75' lang='lat' dir='ltr'><strong>space</strong></span> <span class='ocrx_word' id='word_1_219' title='bbox 1172 4159 1220 4234; x_wconf 40' lang='lat' dir='ltr'><strong>leit·</strong></span> <span class='ocrx_word' id='word_1_220' title='bbox 1233 4159 1310 4235; x_wconf 73' lang='lat' dir='ltr'><strong>lrlanlr</strong></span> <span class='ocrx_word' id='word_1_221' title='bbox 1327 4167 1353 4209; x_wconf 83' lang='lat' dir='ltr'><strong>ut</strong></span> <span class='ocrx_word' id='word_1_222' title='bbox 1371 4160 1414 4210; x_wconf 86' lang='lat' dir='ltr'><strong>the</strong></span> 
     </span>
     <span class='ocr_line' id='line_1_37' title="bbox 212 4226 1415 4357; baseline 0.002 -19"><span class='ocrx_word' id='word_1_223' title='bbox 212 4226 1415 4357; x_wconf 48' lang='lat' dir='ltr'><strong>llll‘inutilitatitlll}llsstllnilnlelttltllll‘sissllllln</strong></span> 
     </span>
     <span class='ocr_line' id='line_1_38' title="bbox 211 4355 1416 4422; baseline 0.002 -20"><span class='ocrx_word' id='word_1_224' title='bbox 211 4367 296 4403; x_wconf 79' lang='lat' dir='ltr'><strong>natum</strong></span> <span class='ocrx_word' id='word_1_225' title='bbox 306 4371 359 4403; x_wconf 85' lang='lat' dir='ltr'><strong>esse</strong></span> <span class='ocrx_word' id='word_1_226' title='bbox 369 4355 466 4404; x_wconf 80' lang='lat' dir='ltr'><strong>fatetur.</strong></span> <span class='ocrx_word' id='word_1_227' title='bbox 478 4357 546 4405; x_wconf 84' lang='lat' dir='ltr'><strong>nulla</strong></span> <span class='ocrx_word' id='word_1_228' title='bbox 555 4357 631 4421; x_wconf 88' lang='lat' dir='ltr'><strong>possit</strong></span> <span class='ocrx_word' id='word_1_229' title='bbox 641 4358 734 4406; x_wconf 78' lang='lat' dir='ltr'><strong>diaboli</strong></span> <span class='ocrx_word' id='word_1_230' title='bbox 746 4357 853 4405; x_wconf 80' lang='lat' dir='ltr'><strong>falsitate</strong></span> <span class='ocrx_word' id='word_1_231' title='bbox 864 4358 996 4422; x_wconf 88' lang='lat' dir='ltr'><strong>corrumpi.</strong></span> <span class='ocrx_word' id='word_1_232' title='bbox 1026 4357 1056 4405; x_wconf 92' lang='lat' dir='ltr'><strong>ln</strong></span> <span class='ocrx_word' id='word_1_233' title='bbox 1066 4356 1108 4405; x_wconf 85' lang='lat' dir='ltr'><strong>the</strong></span> <span class='ocrx_word' id='word_1_234' title='bbox 1118 4357 1143 4406; x_wconf 90' lang='lat' dir='ltr'><strong>S.</strong></span> <span class='ocrx_word' id='word_1_235' title='bbox 1155 4356 1212 4404; x_wconf 81' lang='lat' dir='ltr'><strong>Gall</strong></span> <span class='ocrx_word' id='word_1_236' title='bbox 1225 4356 1416 4418; x_wconf 73' lang='lat' dir='ltr'><strong>Sacnmenrary</strong></span> 
     </span>
     <span class='ocr_line' id='line_1_39' title="bbox 210 4420 1416 4485; baseline 0.002 -16"><span class='ocrx_word' id='word_1_237' title='bbox 210 4421 252 4469; x_wconf 79' lang='lat' dir='ltr'><strong>the</strong></span> <span class='ocrx_word' id='word_1_238' title='bbox 266 4436 351 4483; x_wconf 82' lang='lat' dir='ltr'><strong>prayer</strong></span> <span class='ocrx_word' id='word_1_239' title='bbox 362 4436 467 4484; x_wconf 85' lang='lat' dir='ltr'><strong>appears</strong></span> <span class='ocrx_word' id='word_1_240' title='bbox 477 4437 504 4469; x_wconf 81' lang='lat' dir='ltr'><strong>as</strong></span> <span class='ocrx_word' id='word_1_241' title='bbox 516 4422 559 4470; x_wconf 90' lang='lat' dir='ltr'><strong>the</strong></span> <span class='ocrx_word' id='word_1_242' title='bbox 570 4423 662 4471; x_wconf 90' lang='lat' dir='ltr'><strong>second</strong></span> <span class='ocrx_word' id='word_1_243' title='bbox 674 4423 762 4471; x_wconf 86' lang='lat' dir='ltr'><strong>collect</strong></span> <span class='ocrx_word' id='word_1_244' title='bbox 775 4421 804 4469; x_wconf 86' lang='lat' dir='ltr'><strong>ol</strong></span> <span class='ocrx_word' id='word_1_245' title='bbox 820 4422 862 4471; x_wconf 89' lang='lat' dir='ltr'><strong>the</strong></span> <span class='ocrx_word' id='word_1_246' title='bbox 874 4437 958 4471; x_wconf 84' lang='lat' dir='ltr'><strong>mass:</strong></span> <span class='ocrx_word' id='word_1_247' title='bbox 980 4422 1005 4471; x_wconf 93' lang='lat' dir='ltr'><strong>in</strong></span> <span class='ocrx_word' id='word_1_248' title='bbox 1027 4420 1156 4471; x_wconf 68' lang='lat' dir='ltr'><strong>Menard&#39;s</strong></span> <span class='ocrx_word' id='word_1_249' title='bbox 1173 4421 1374 4485; x_wconf 61' lang='lat' dir='ltr'><strong>Sacramentum,</strong></span> <span class='ocrx_word' id='word_1_250' title='bbox 1387 4438 1416 4471; x_wconf 80' lang='lat' dir='ltr'><strong>us</strong></span> 
     </span>
     <span class='ocr_line' id='line_1_40' title="bbox 209 4485 1099 4550; baseline 0 -16"><span class='ocrx_word' id='word_1_251' title='bbox 209 4486 275 4534; x_wconf 81' lang='lat' dir='ltr'><strong>here.</strong></span> <span class='ocrx_word' id='word_1_252' title='bbox 288 4485 305 4533; x_wconf 91' lang='lat' dir='ltr'><strong>it</strong></span> <span class='ocrx_word' id='word_1_253' title='bbox 319 4485 339 4533; x_wconf 91' lang='lat' dir='ltr'><strong>is</strong></span> <span class='ocrx_word' id='word_1_254' title='bbox 349 4501 364 4532; x_wconf 81' lang='lat' dir='ltr'><strong>u</strong></span> <span class='ocrx_word' id='word_1_255' title='bbox 376 4487 459 4549; x_wconf 80' lang='lat' dir='ltr'><strong>Super</strong></span> <span class='ocrx_word' id='word_1_256' title='bbox 466 4487 595 4549; x_wconf 59' lang='lat' dir='ltr'><strong>repedant,</strong></span> <span class='ocrx_word' id='word_1_257' title='bbox 609 4488 653 4536; x_wconf 88' lang='lat' dir='ltr'><strong>but</strong></span> <span class='ocrx_word' id='word_1_258' title='bbox 665 4487 703 4537; x_wconf 81' lang='lat' dir='ltr'><strong>for</strong></span> <span class='ocrx_word' id='word_1_259' title='bbox 712 4487 754 4536; x_wconf 89' lang='lat' dir='ltr'><strong>the</strong></span> <span class='ocrx_word' id='word_1_260' title='bbox 767 4488 869 4550; x_wconf 84' lang='lat' dir='ltr'><strong>Sunday</strong></span> <span class='ocrx_word' id='word_1_261' title='bbox 880 4487 943 4535; x_wconf 81' lang='lat' dir='ltr'><strong>aster</strong></span> <span class='ocrx_word' id='word_1_262' title='bbox 954 4486 1099 4536; x_wconf 75' lang='lat' dir='ltr'><strong>Christmas.</strong></span> 
     </span>
    </p>

    <p class='ocr_par' dir='ltr' id='par_1_17' title="bbox 242 4548 1311 4617">
     <span class='ocr_line' id='line_1_41' title="bbox 242 4548 1311 4617; baseline 0.001 -19"><span class='ocrx_word' id='word_1_263' title='bbox 242 4548 252 4579; x_wconf 82' lang='grc'><strong>’·’</strong></span> <span class='ocrx_word' id='word_1_264' title='bbox 269 4551 313 4598; x_wconf 82' lang='lat' dir='ltr'><strong>l&#39;o.</strong></span> <span class='ocrx_word' id='word_1_265' title='bbox 329 4549 377 4613; x_wconf 84' lang='lat' dir='ltr'><strong>36v</strong></span> <span class='ocrx_word' id='word_1_266' title='bbox 388 4551 438 4600; x_wconf 83' lang='lat' dir='ltr'><strong>and</strong></span> <span class='ocrx_word' id='word_1_267' title='bbox 462 4568 478 4600; x_wconf 90' lang='lat' dir='ltr'><strong>o</strong></span> <span class='ocrx_word' id='word_1_268' title='bbox 489 4562 528 4614; x_wconf 77' lang='lat'><strong>‚37</strong></span> <span class='ocrx_word' id='word_1_269' title='bbox 540 4568 582 4602; x_wconf 85' lang='lat' dir='ltr'><strong>are</strong></span> <span class='ocrx_word' id='word_1_270' title='bbox 593 4553 713 4617; x_wconf 86' lang='lat' dir='ltr'><strong>occupied</strong></span> <span class='ocrx_word' id='word_1_271' title='bbox 731 4552 764 4616; x_wconf 89' lang='lat' dir='ltr'><strong>by</strong></span> <span class='ocrx_word' id='word_1_272' title='bbox 775 4551 926 4603; x_wconf 81' lang='lat' dir='ltr'><strong>miniatures</strong></span> <span class='ocrx_word' id='word_1_273' title='bbox 959 4552 1018 4613; x_wconf 72' lang='lat' dir='ltr'><strong>(See</strong></span> <span class='ocrx_word' id='word_1_274' title='bbox 1031 4552 1114 4602; x_wconf 75' lang='lat' dir='ltr'><strong>Pletes</strong></span> <span class='ocrx_word' id='word_1_275' title='bbox 1126 4550 1177 4600; x_wconf 91' lang='lat'><strong>111.</strong></span> <span class='ocrx_word' id='word_1_276' title='bbox 1189 4551 1238 4600; x_wconf 86' lang='lat' dir='ltr'><strong>aud</strong></span> <span class='ocrx_word' id='word_1_277' title='bbox 1253 4550 1311 4611; x_wconf 81' lang='lat' dir='ltr'><strong>IV.)</strong></span> 
     </span>
    </p>
   </div>
   <div class='ocr_carea' id='block_1_17' title="bbox 0 0 1524 5106">
    <p class='ocr_par' dir='ltr' id='par_1_18' title="bbox 0 0 1524 5106">
     <span class='ocr_line' id='line_1_42' title="bbox 0 0 1524 5106; baseline 0 0"><span class='ocrx_word' id='word_1_278' title='bbox 0 0 1524 5106; x_wconf 95' lang='lat' dir='ltr'><strong> </strong></span> 
     </span>
    </p>
   </div>
  </div>
 </body>
</html>
