3038 5106
215 362 268 419 m
601 348 744 407 vmro
762 346 1026 405 murmur.

193 526 196 533 ·
216 520 309 653 m
311 520 390 654 1quot:¹
394 500 482 567 hanc
503 500 642 567 domum
668 498 767 585 lpaoe
789 510 952 585 perpenna
975 498 1152 567 custodiat.
1167 518 1249 585 per·
1269 496 1330 583 [so.
1346 512 1422 581 ooo

261 728 373 815 ponne
386 731 485 811 pypoe
498 746 534 811 le
547 726 696 811 Jaoepbo
743 744 798 809 vos
810 726 991 809 pobocaoen
1012 727 1079 789 mib
1099 725 1164 811 lan
1177 722 1267 811 hulig
1284 742 1421 809 paeoepe

219 814 562 901 ymibpamaxumo
632 810 685 877 lus
720 810 924 899 peoJ‘cyonl
1019 809 1422 896 haepanollllepylleny

218 922 281 987 pm
313 900 420 965 clune
434 901 501 963 mrb
514 834 723 987 loffeligan
736 898 795 963 ele.
841 896 961 984 yollpe
1054 906 1141 983 ynau
1155 898 1360 986 pantuyngan
1381 898 1424 981 Pa

218 923 319 1053 sealt}
333 988 372 1074 Pe
384 986 448 1072 hep
462 988 674 1073 gemeapoobe
687 1004 767 1049 cmc.

263 1121 345 1186 Ant.
392 1123 484 1188 Sana
506 1122 642 1185 domine
672 1120 838 1185 infirmum
869 1121 969 1185 istum
1000 1122 1093 1186 cuius
1118 1141 1196 1185 ossa
1220 1120 1425 1185 conturbata

220 1219 298 1275 sunt
328 1208 435 1273 ualde.
465 1210 524 1273 sed
562 1218 599 1273 tu
636 1209 772 1272 domine
808 1217 1001 1272 conuertere
1037 1229 1120 1272 sana
1157 1227 1234 1272 eum
1263 1218 1299 1272 et
1329 1208 1423 1291 eripe

219 1297 368 1361 animam
383 1296 462 1359 elus.

263 1383 355 1447 Psal.
400 1383 547 1447 Domine
561 1402 604 1445 ne
615 1382 647 1445 in
665 1381 773 1446 lurore
788 1391 855 1446 tuo.

765 1518 886 1584 Oratio.

267 1632 413 1696 Domine
439 1633 521 1696 deus
547 1632 604 1714 qui
630 1651 688 1711 per
711 1629 899 1714 apostolum
926 1641 1021 1695 tuum
1050 1631 1202 1695 iacobum
1228 1631 1360 1695 locutus
1387 1652 1425 1695 es

223 1719 408 1783 infirmatur
422 1720 496 1802 quis
516 1740 560 1782 ex
587 1718 690 1782 uobis.
718 1718 854 1781 inducat
878 1717 1077 1802 presbiteros
1101 1718 1260 1795 aecclesie
1274 1729 1310 1781 et
1325 1729 1423 1781 orent

222 1826 413 1889 supereum
429 1816 614 1888 unguentes
637 1825 713 1868 eum
737 1804 811 1868 oleo
831 1805 865 1867 in
882 1805 1018 1868 nomine
1032 1805 1158 1868 domini
1174 1815 1209 1868 et
1220 1806 1328 1868 oratio
1343 1803 1425 1869 fidei

223 1893 367 1957 saluabit
382 1892 557 1956 infirmum.
573 1901 607 1955 et
621 1891 779 1955 alleuabit
802 1911 878 1955 eum
894 1891 1049 1956 dominus
1064 1902 1098 1954 et
1114 1893 1141 1954 si
1157 1893 1190 1954 in
1207 1892 1354 1975 peccatis
1370 1892 1424 1956 sit.

222 1977 453 2054 dimittunturl
466 1982 505 2043 ei.
544 1978 631 2044 Cura
646 1998 826 2061 quesumus
843 1983 1034 2062 redemptor
1046 1991 1158 2041 noster
1167 1978 1275 2058 gratia
1284 1979 1424 2060 spiritus

223 2067 330 2132 sancti
346 2067 521 2149 languores
536 2066 630 2130 istius
652 2065 797 2130 hominis
819 2064 948 2129 infirmi
974 2074 1009 2128 et
1033 2085 1116 2129 sana
1132 2065 1269 2129 uulnera
1283 2067 1425 2148 eiusque

223 2154 357 2219 dimitte
381 2163 519 2235 peccata
543 2163 644 2235 atque
668 2151 799 2216 dolores
825 2162 962 2217 cunctos
987 2153 1095 2215 cordis
1110 2162 1144 2216 et
1160 2152 1307 2235 corporis
1321 2150 1426 2215 abeo

223 2240 357 2323 expelle
381 2240 580 2323 plenamque
615 2240 645 2302 ei
678 2239 815 2303 interius
850 2243 1064 2321 exteriusque
1092 2240 1271 2303 sanitatem
1298 2240 1426 2302 miseri-

117 2370 120 2375 ,
162 2384 165 2391 .
224 2327 369 2392 corditer
383 2328 544 2391 reddent
558 2346 623 2410 ope
640 2326 884 2389 misericordiae
898 2335 977 2390 tuae
992 2326 1163 2390 restitutus
1178 2336 1212 2389 et
1228 2336 1369 2390 sanatus
1380 2325 1424 2391 ad

225 2414 365 2498 pristina
380 2414 514 2496 pietatis
529 2423 607 2477 tuae
622 2421 791 2494 reparetur
805 2411 940 2488 official
955 2432 1022 2495 per.

267 2501 349 2565 Ant.
394 2501 556 2566 Succurre
580 2500 717 2564 domine
743 2498 873 2563 infirmo
899 2498 976 2564 huic
997 2509 1031 2563 et
1046 2500 1175 2563 medica
1189 2519 1267 2562 eum
1283 2499 1426 2582 spiritali

226 2589 445 2652 medicamine
461 2597 497 2651 ut
513 2588 544 2648 in
562 2587 701 2669 pristina
726 2588 870 2650 sanitate
893 2607 913 2649 a
929 2596 962 2650 te
978 2587 1149 2650 restitutus
1165 2587 1347 2668 gratiarum
1364 2588 1427 2651 tibi

222 2675 341 2739 reserat
371 2675 544 2738 actionem.

267 2762 359 2826 Psal.
405 2763 499 2824 Beati
515 2780 665 2842 quorum.

778 2880 870 2944 Item.

271 2993 495 3076 Omnipotens
518 2994 719 3074 sempiterne
741 2993 831 3055 deus.
854 2993 910 3074 qui
935 3013 993 3075 per
1019 2992 1184 3056 iacobum¹
1201 3005 1295 3054 tuum
1313 2993 1429 3057 induci

226 3081 426 3165 presbiteros
438 3080 616 3142 aecclesiae
625 3092 659 3142 et
675 3100 821 3161 unguere
836 3080 910 3142 oleo
921 3078 1066 3142 infirmos
1079 3080 1282 3162 praecepisti.
1294 3091 1430 3160 praesta

226 3187 407 3251 quesumus
424 3176 460 3229 ut
486 3167 631 3249 digneris
656 3187 714 3249 per
739 3186 856 3229 manus
881 3176 1011 3229 nostras
1038 3167 1125 3228 hunc
1153 3165 1313 3229 [amulum
1329 3176 1428 3231 tuum

228 3253 394 3317 infirmum
411 3254 453 3316 de
468 3253 542 3315 oleo
567 3253 773 3316 sanctificato
798 3273 945 3334 unguere
965 3263 998 3316 et
1014 3253 1214 3315 benedicere.
1232 3253 1294 3315 hoc
1310 3264 1427 3318 autem

227 3342 317 3423 quod
331 3361 391 3404 nos
404 3342 559 3402 exterius.
570 3350 628 3402 tua
638 3340 817 3403 karismata
829 3340 1082 3422 complectimur
1091 3340 1154 3402 hoc
1167 3341 1303 3401 interius
1315 3342 1430 3422 spirit-

228 3428 325 3491 aliter
340 3428 453 3490 diuina
469 3428 573 3489 uirtus
583 3447 622 3490 ac
638 3427 846 3490 inuisibiliter
861 3437 920 3490 tua
937 3427 1140 3508 malagmata
1155 3439 1340 3508 operentur.
1358 3447 1429 3509 per.

282 3515 362 3578 Ant.
409 3513 512 3578 Sanet
528 3525 561 3577 te
583 3515 670 3577 iesus
685 3514 825 3576 christus
846 3513 889 3577 ab
905 3515 995 3576 omni
1017 3515 1223 3595 aegritudine
1246 3523 1304 3576 tua
1326 3534 1430 3596 quos-

227 3622 370 3684 cumque
405 3600 508 3663 habes
541 3601 671 3664 dolores
708 3601 855 3663 dimittat
888 3600 1043 3663 dominus
1072 3599 1200 3684 somnia
1244 3598 1301 3681 [lo.
1333 3617 1431 3681 209v.

227 3699 444 3773 peccatatua.

271 3775 362 3840 Psal.
408 3775 554 3838 Domine
569 3795 611 3838 ne
627 3776 660 3837 in
677 3773 784 3836 lurore
799 3784 865 3836 tuo.
891 3787 926 3837 11.

782 3910 875 3975 Alo.

276 4024 422 4088 Domine
437 4033 571 4086 sanctae
581 4033 674 4105 pater
683 4023 895 4107 omnipotens
906 4033 1040 4087 aeterne
1051 4023 1140 4087 deus.
1151 4024 1207 4104 qui
1221 4022 1433 4104 fragitatem†

232 4110 431 4176 conditionis
454 4120 585 4173 nostrae
608 4109 715 4174 inlusa
737 4111 868 4175 uirtutis
891 4121 967 4174 tuae
983 4110 1175 4192 dignatione
1190 4109 1378 4176 confirmas.
1395 4124 1433 4177 ut

233 4197 432 4263 salutaribus
463 4197 616 4273 remediis
646 4198 779 4278 pietatis
802 4206 880 4262 tuae
905 4217 1044 4281 corpora
1067 4207 1188 4259 nostra.
1213 4206 1247 4259 et
1278 4199 1434 4264 membra

233 4286 443 4370 uegetantur⁸
465 4303 565 4367 super
589 4283 678 4348 hunc
704 4284 865 4349 famulum
891 4294 985 4349 tuum
1011 4286 1208 4368 propitiatus
1232 4285 1378 4350 intende
1396 4296 1434 4353 ut

619 4441 1012 4581 mm

803 4530 821 4565 0
973 4550 981 4565 0
