3038 5106
449 386 664 437 ORATIONES
691 386 748 436 MA
755 386 976 438 TUTINALES.
1268 396 1314 451 145

669 537 761 601 Alia.

157 634 341 719 Propitiare
355 635 492 700 domine
515 636 746 717 iniquitatibus
768 637 897 700 nostris.
914 647 947 699 et
962 635 1142 699 exorabilis
1157 636 1223 699 tuis
1239 647 1311 699 esto

105 722 327 805 supplicibus.
363 732 400 786 ut
437 742 595 786 concessa
639 724 736 786 uenia
780 744 881 806 quam
920 743 1115 804 praecamur
1151 734 1312 805 perpetuo

107 809 356 873 misericordiae
373 818 450 873 tuae
466 808 617 893 lmunere
632 811 818 892 gloriemur.
836 831 895 892 per
909 811 1091 873 dominum.
1144 809 1200 893 [so.
1222 826 1309 889 103v.

667 931 758 994 Alrir.

156 1032 327 1097 Ecclesiae
353 1043 430 1097 tuae
454 1034 589 1097 domine
613 1054 712 1097 uoces
737 1034 887 1116 placatus
910 1035 1051 1097 admitte
1078 1044 1114 1097 ut
1136 1035 1312 1097 destructis

107 1119 370 1184 aduersitatibus
381 1120 542 1184 uniuersis
559 1142 673 1184 secura
683 1122 742 1185 tibi
753 1122 876 1184 seruiat
889 1121 1048 1184 libertate.
1062 1142 1120 1204 per
1129 1122 1309 1185 dominum.

569 1294 856 1359 Nocrurutntns.

157 1403 324 1468 lnlumina
351 1405 487 1469 domine
512 1427 693 1488 quesumus
718 1407 750 1469 in
776 1417 809 1470 te
833 1408 933 1470 corda
955 1406 1168 1469 credentium.
1193 1414 1230 1468 ut
1253 1414 1311 1466 tuo

107 1509 243 1573 semper
258 1492 450 1557 munimine.
467 1503 500 1556 et
515 1504 573 1557 tuo
589 1494 715 1556 auxilio
730 1503 954 1575 protegamur.
971 1514 1029 1575 per
1042 1493 1224 1556 dominum.

668 1615 758 1677 Alia.

157 1714 325 1779 inlumina
340 1737 521 1798 quesumus
544 1718 679 1781 domine
701 1718 854 1781 tenebras
884 1727 1022 1780 nostras,
1039 1727 1072 1780 et
1088 1717 1189 1779 totius
1205 1717 1312 1779 noctis

110 1800 256 1865 insidias.
273 1813 309 1866 tu
326 1803 448 1886 repelle
464 1805 634 1886 propitius.
651 1826 710 1886 per
725 1805 907 1867 dominum.

669 1924 757 1988 Alia.

155 2023 231 2089 Tua
247 2047 307 2090 nos
332 2027 467 2091 domine
493 2029 613 2092 ueritas
638 2048 769 2111 semper
794 2028 967 2092 illuminet.
984 2038 1017 2092 et
1032 2027 1075 2091 ab
1091 2028 1181 2090 omni
1205 2027 1313 2109 praui-

109 2122 182 2175 tate
197 2112 364 2179 defendat
381 2135 441 2198 per
455 2115 637 2179 dominum.

669 2236 761 2300 Alia.

157 2335 251 2399 Deus
279 2340 335 2419 qui
366 2339 456 2403 diem
487 2341 645 2404 discernis
676 2361 696 2402 a
726 2349 832 2403 nocte.
862 2350 956 2403 actus
985 2359 1118 2422 quoque
1141 2349 1271 2402 nostros
1291 2360 1311 2399 a

107 2422 323 2488 tenebrarum
355 2425 523 2509 distingue
560 2426 708 2510 caligine.
740 2436 777 2490 ut
806 2447 938 2509 semper
974 2446 1060 2509 quae
1089 2436 1204 2488 sancta
1234 2435 1312 2488 sunt

108 2510 322 2576 meditantes.
339 2513 371 2576 in
388 2523 447 2577 tua
462 2514 581 2596 iugiter
596 2514 670 2577 luce
686 2515 845 2578 uiuamus.
863 2534 921 2596 per
936 2514 1117 2577 dominum.

669 2634 760 2699 Alia.

157 2729 250 2793 Deus
275 2734 332 2815 qui
360 2734 536 2814 uigilantes
561 2735 594 2796 in
619 2733 772 2798 laudibus
800 2735 865 2797 tuis
888 2734 1021 2798 caelesti
1039 2734 1189 2796 mercede
1205 2752 1312 2794 remu·

107 2836 217 2881 netas
243 2819 399 2883 tenebras
428 2822 471 2884 de
493 2821 648 2885 cordibus
678 2822 805 2885 auferre
835 2822 989 2903 digneris.
1021 2831 1057 2884 ut
1080 2821 1112 2882 in
1135 2819 1311 2902 splendore

108 2904 247 2967 luminis
262 2907 309 2969 tui
326 2927 457 2990 semper
470 2908 685 2990 gaudeamus.
703 2929 762 2991 per
775 2909 959 2972 dominum.

668 3029 759 3091 Alia.

157 3126 287 3193 Adesto
302 3130 437 3195 domine
452 3132 625 3214 praecibus
640 3133 770 3195 nostris.
786 3143 820 3196 et
834 3133 889 3196 die
906 3141 1070 3214 noctuque
1087 3152 1147 3193 nos
1163 3142 1310 3213 protege.

105 3226 148 3279 ut
185 3216 387 3297 quibuslibet
426 3218 699 3282 alternationibus
730 3230 927 3302 temporum.
952 3228 1010 3281 tua
1032 3239 1162 3300 semper
1185 3218 1309 3282 incom-

107 3302 335 3368 mutabilitate
351 3303 526 3368 firmemur.
542 3326 602 3388 per
616 3306 798 3369 dominum.

571 3474 856 3539 Mnrurrunees.

157 3580 325 3645 Matutina
341 3583 527 3666 supplicum
544 3596 624 3649 uota
639 3586 774 3650 domine
802 3586 963 3668 propitius
980 3584 1113 3646 intuere.
1131 3596 1163 3648 et
1180 3585 1308 3648 occulta

107 3668 220 3731 cordis
245 3671 348 3732 nostri
377 3673 522 3735 remedio
547 3682 623 3736 tuae
648 3672 790 3736 clarifica
815 3673 954 3754 pietatis.
972 3681 1008 3734 ut
1034 3672 1196 3734 desideria
1219 3683 1310 3735 tene·

107 3754 210 3817 brosa
226 3774 291 3817 non
308 3766 452 3821 teneant.
469 3779 552 3840 quos
569 3760 627 3823 lux
645 3761 795 3824 caelestis
811 3760 937 3841 gratiae
953 3758 1126 3840 reparauit.
1143 3779 1208 3840 per.

666 3881 757 3944 Alia.

154 3974 299 4059 lEmitte
314 4000 495 4061 quesumus
510 3983 644 4049 domine
669 3983 776 4047 lucem
802 3995 894 4048 tuam
917 3984 950 4046 in
977 3946 1131 4047 cordibus
1155 3981 1211 4065 [fo.
1240 4000 1306 4061 104

108 4064 241 4129 nostris.
256 4077 293 4130 ut
310 4069 541 4133 mandatorum
565 4081 697 4134 tuorum
725 4071 798 4154 lege
821 4080 984 4153 percepta
1001 4070 1033 4133 in
1051 4070 1104 4133 uia
1120 4080 1177 4133 tua
1192 4071 1309 4133 ambu-

108 4150 228 4215 lantes.
243 4153 324 4217 nihil
340 4156 506 4237 patiamur
520 4159 646 4222 erroris.
661 4180 727 4242 per.

663 4279 755 4343 Αίία.

156 4374 370 4461 Exurgentes
383 4379 427 4443 de
446 4380 610 4445 cubilibus
625 4383 746 4447 nostris
770 4382 933 4446 auxilium
957 4382 1084 4465 gratiae
1107 4393 1183 4446 tuae
1200 4394 1306 4447 matu-

109 4460 191 4526 tinis
204 4464 340 4529 domine
354 4466 527 4550 praecibus
537 4468 762 4551 imploramus.
772 4480 809 4534 ut
820 4470 977 4534 discussis
989 4470 1133 4533 tenebris
1149 4469 1305 4535 uitiorum

110 4548 282 4623 ambulare
297 4570 482 4619 mereamur
495 4554 529 4619 in
546 4555 618 4619 luce
633 4556 802 4623 uirtutum.
818 4576 885 4641 per.

154 4638 348 4715 Juureoes.
1156 4658 1179 4708 L
