3038 5106
241 354 286 405 132
568 341 712 393 MENSIS
726 342 886 392 SEPTIMI
900 342 1017 392 FERIA
1035 340 1105 391 IIII.

694 513 801 597 Super
815 513 979 597 populum.

281 618 412 682 Adesto
449 618 584 683 domine
621 618 918 700 supplicationibus
952 617 1081 681 nostris.
1112 627 1145 680 et
1176 602 1257 680 niliil
1286 617 1332 681 de
1362 614 1445 689 suoi

237 708 439 770 conscicntia
462 703 802 787 praesummentibust
825 705 982 768 ineflabili
999 705 1209 768 miseratione
1224 725 1389 768 succurre.
1407 715 1445 768 ut

235 795 338 943 guodl
372 793 475 856 habet
507 792 626 856 fiducia
659 794 850 856 meritorum
882 804 940 856 tua
969 791 1116 856 conserat
1147 791 1283 875 largitas
1314 792 1444 855 inuicta

259 901 408 944 onorum.
426 901 491 962 per.

360 1068 558 1131 Doursrcn
582 1067 698 1130 XVII.
722 1080 811 1129 Posr
836 1067 1008 1130 Ocrnnns
1032 1067 1316 1130 Pentecosten

280 1188 430 1251 Absolue
456 1208 636 1268 quesumus
666 1187 801 1250 domine
824 1197 955 1250 tuorum
983 1187 1104 1251 delicta
1127 1185 1336 1269 populorum.
1361 1194 1398 1248 et
1422 1205 1441 1246 a

236 1286 446 1356 peccatorum
472 1286 658 1338 nostrorum
681 1272 823 1335 nexibus
842 1295 928 1355 quae
951 1295 1011 1355 pro
1034 1282 1147 1336 nostra
1162 1272 1343 1355 fragilitate
1359 1292 1441 1335 con-

235 1364 408 1425 traximus,
424 1373 482 1425 tua
497 1362 702 1443 benignitate
719 1362 901 1423 liberemur.
918 1382 977 1443 per
991 1361 1173 1425 dominum.

768 1481 905 1544 Secreta.

278 1586 341 1648 Pro
357 1595 489 1647 nostrae
505 1585 673 1647 seruitutis
689 1596 869 1666 augmento
887 1582 1082 1648 sacrificium
1098 1584 1158 1647 tibi
1175 1584 1312 1647 domine
1328 1583 1440 1647 laudis

233 1673 409 1734 offerimus.
426 1683 556 1754 praesta
572 1692 752 1753 quesumus
775 1682 811 1734 ut
834 1673 924 1753 quod
942 1673 1067 1735 meritis
1083 1671 1251 1735 contulisti
1269 1673 1440 1754 propitius

234 1762 416 1841 exequaris.
433 1781 491 1841 per
506 1760 688 1822 dominum.

703 1900 708 1910 ·
737 1879 827 1940 Prae
844 1878 917 1941 atro.

275 1986 325 2048 (f)
350 1994 482 2046 aeterne
507 1984 597 2046 deus.
643 1981 731 2063 Quia
755 1878 849 2045 cums
859 1982 956 2045 laude
984 1990 1096 2045 nostra
1123 2001 1189 2043 non
1212 2000 1321 2063 egeas.
1337 1991 1439 2063 grata

232 2081 344 2133 tamen
369 2071 428 2133 tibi
463 2080 513 2132 est
543 2080 674 2133 tuorum
706 2069 841 2131 deuotio
873 2068 1080 2132 famulorum.
1141 2068 1213 2131 Nec
1242 2078 1277 2131 te
1308 2078 1436 2150 augent

231 2169 344 2221 nostra
370 2158 554 2239 praeconia.
582 2159 639 2220 sed
665 2155 760 2219 nobis
785 2155 961 2237 proficiunt
987 2158 1029 2219 ad
1057 2155 1206 2218 salutem.
1262 2154 1436 2236 Quoniam

230 2248 314 2308 sieut
326 2245 451 2307 sontem
463 2246 550 2306 uitae
567 2244 742 2325 praeterire
758 2264 857 2304 causa
873 2244 1034 2305 moriendi
1051 2254 1109 2305 est.
1120 2243 1167 2305 sic
1179 2243 1299 2305 eodem
1313 2243 1437 2324 iugiter

231 2334 415 2395 redundare
431 2331 567 2394 aflectus
583 2331 720 2394 estsine
736 2331 800 2392 fine
818 2331 960 2392 uiuendi.
976 2340 1010 2392 et
1026 2330 1111 2392 ideo.

681 2459 713 2521 Α
717 2460 744 2521 d
754 2459 978 2540 conrplcndum.

273 2565 463 2646 Quesumus
481 2564 693 2645 omnipotens
709 2565 791 2626 deus
817 2573 852 2625 ut
877 2584 961 2644 quos
988 2562 1102 2624 diuina
1118 2560 1234 2624 tribuis
1251 2561 1432 2643 participa·

230 2653 319 2715 tione
330 2651 498 2736 sgaudere.
509 2651 661 2712 humanis
675 2670 740 2712 non
753 2652 841 2711 siuas
851 2651 1020 2711 subiacere
1036 2648 1196 2731 periculis.
1210 2668 1277 2729 per.
1292 2647 1364 2730 [fol.
1380 2662 1433 2729 93.

691 2776 797 2858 Super
802 2779 965 2859 populum.

272 2883 326 2945 Da
342 2902 521 2963 quesumus
537 2880 672 2944 domine
696 2882 820 2962 populo
837 2892 895 2943 tuo
911 2892 944 2945 et
961 2891 1106 2943 mentem
1126 2902 1193 2962 qua
1209 2881 1269 2943 tibi
1286 2883 1433 2946 deuotus

227 2971 361 3032 existat.
386 2981 418 3032 et
446 2968 648 3031 intellectum
674 2989 741 3048 quo
768 2971 873 3030 iustae
898 2970 1065 3049 deposcat.
1091 2978 1124 3030 et
1157 2969 1432 3049 propitiationem

227 3071 319 3119 tuam
351 3077 416 3137 qua
447 3057 521 3137 piae
551 3056 815 3118 desiderantibus
845 3076 931 3137 quae
961 3067 1038 3119 sunt
1068 3054 1239 3137 profutura
1269 3056 1431 3137 perficiat.

227 3166 292 3226 per.

560 3310 705 3373 Munsrs
728 3311 807 3373 Vll.
855 3312 973 3374 Fenm
999 3312 1085 3374 llll.

270 3431 515 3495 Misericordiae
531 3440 607 3492 tuac
623 3432 776 3492 remediis
791 3452 970 3512 quesumus
988 3434 1122 3494 domine
1139 3431 1299 3513 fragilitas
1316 3444 1431 3499 nostra

225 3519 391 3582 subsistat.
403 3530 438 3580 ut
448 3539 534 3601 quae
546 3538 606 3580 sua
615 3519 804 3580 conditione
817 3522 975 3582 atteritur.
987 3532 1044 3583 tua
1059 3519 1236 3582 clementia
1249 3536 1431 3603 reparetur.

224 3628 290 3689 per.

785 3726 875 3789 Alia.

269 3829 404 3889 Praesta
419 3842 599 3906 quesumus
614 3823 749 3884 domine
765 3824 909 3887 familiae
925 3825 1134 3906 supplicanti.
1147 3836 1183 3888 ut
1199 3826 1280 3888 dum
1297 3848 1318 3889 a
1334 3828 1429 3910 cybis

224 3913 449 3995 corporalibus
473 3931 508 3973 se
533 3910 709 3973 abstinent.
727 3931 747 3972 a
763 3912 851 3973 uitiis
869 3923 980 3973 mente
1006 3913 1159 3975 ieiuncnt.
1177 3936 1235 3995 per
1250 3915 1427 3978 dominum

225 4013 382 4064 nostrum.

758 4116 896 4181 Secreta.

269 4225 363 4287 Haec
389 4221 497 4283 hostia
524 4220 659 4283 domine
686 4241 865 4303 quesumus
896 4222 1055 4285 emundet
1086 4233 1199 4284 nostra
1230 4223 1360 4286 delicta.
1392 4232 1426 4285 et

221 4309 417 4374 sacrificium
441 4307 697 4371 caelebrandum
727 4309 937 4372 subditorum
968 4308 1028 4371 tibi
1060 4329 1198 4391 corpora
1229 4321 1424 4392 mentesque

221 4396 411 4461 sanctificet.
429 4415 486 4477 per
501 4396 683 4459 dominum.

580 4525 588 4559 ¹
605 4529 665 4579 Non
676 4530 825 4596 apparently
836 4530 942 4581 omitted
953 4531 980 4581 in
991 4530 1047 4583 MS.
