3038 5106
430 362 486 415 AD
512 360 790 413 CATICUMINUM
811 359 1049 411 FACIENDUM.

677 593 822 659 Tractus.

182 700 293 767 Uinea
308 698 397 764 iacta
411 709 470 763 est.

672 828 812 895 collecta.

183 942 276 1005 Deus
320 941 377 1023 qui
422 960 483 1003 nos
527 940 569 1003 ad
615 939 870 1003 caelebrandum
909 938 1063 1021 paschale
1099 945 1342 1001 sacramentum

137 1031 311 1111 utriusque
348 1027 540 1091 testamenti
577 1027 708 1109 paginis
746 1027 901 1089 imbuisti.
940 1027 983 1088 da
1021 1025 1115 1087 nobis
1154 1024 1343 1106 intellegere

138 1115 380 1179 misericordias
410 1126 494 1180 tuas.
522 1124 559 1177 ut
588 1134 632 1176 ex
664 1115 875 1196 perceptione
905 1114 1127 1195 praesentium
1160 1132 1341 1174 munerum.

138 1202 234 1266 firma
263 1204 307 1266 sit
337 1200 544 1285 expecstatio
574 1200 766 1264 futurorum.
798 1222 855 1283 per
885 1201 1057 1263 dominum
1088 1219 1163 1261 nos·
1188 1199 1243 1282 [so.
1269 1204 1342 1277 (ην.

137 1301 237 1354 trum.

184 1394 280 1457 Haec
295 1402 346 1457 est
361 1392 527 1456 hereditas
542 1412 721 1456 seruorum.

670 1523 813 1590 collecta.

184 1634 276 1699 Deus
319 1636 377 1717 qui
422 1636 614 1699 aecclesiam
664 1646 755 1699 tuam
800 1655 931 1717 semper
974 1634 1123 1717 gentium
1169 1634 1343 1696 uocatione

141 1722 348 1806 multiplicas.
364 1724 510 1786 concede
525 1723 686 1806 propitius
710 1734 745 1786 ut
768 1744 852 1806 quos
868 1721 972 1804 aquol
996 1722 1203 1804 baptismatis
1228 1722 1341 1783 abluis.

141 1811 298 1874 continua
312 1812 521 1893 protectione
537 1811 666 1874 tuearis.
715 1812 784 1874 Per.

675 1947 822 2012 Tractus.

183 2050 277 2117 Sicut
293 2071 418 2115 ceruus.

670 2177 811 2245 Collecta.

183 2290 339 2357 Concede
364 2312 545 2374 quesumus
571 2292 782 2374 omnipotens
807 2291 889 2354 deus
913 2301 949 2355 ut
978 2290 1035 2373 qui
1060 2289 1143 2353 festa
1173 2290 1342 2373 paschalia

142 2380 270 2461 agimus
286 2379 483 2444 caelestibus
497 2380 667 2442 desideriis
684 2380 812 2442 accensi
829 2378 954 2441 fontem
978 2379 1067 2440 uitae
1090 2379 1248 2440 sitiamus.
1272 2399 1338 2460 per.

184 2464 408 2548 Omnipotens
423 2468 623 2547 sempiterne
639 2467 721 2529 deus
745 2466 868 2547 respice
891 2466 1052 2547 propitius
1069 2465 1110 2527 ad
1127 2465 1340 2527 deuotionem

144 2553 256 2635 populi
280 2555 489 2617 renascentis.
506 2554 561 2635 qui
577 2553 662 2616 sieut
678 2573 795 2615 ceruus
816 2572 976 2634 aquarum
1001 2553 1131 2633 expetit
1156 2552 1291 2615 sontem.
1308 2561 1341 2615 et

143 2642 286 2704 concede
316 2641 484 2723 propitius.
516 2650 553 2703 ut
584 2639 660 2703 fidei
699 2641 801 2722 ipsius
839 2640 910 2701 sitis
944 2638 1153 2720 baptismatis
1184 2640 1342 2720 mysterio

142 2728 285 2789 animam
301 2747 487 2810 corpusque
502 2726 694 2791 sanctificet.
711 2747 769 2810 per
784 2727 957 2789 dominum
974 2736 1132 2789 nostrum.

187 2912 333 2977 Incisus
355 2913 494 2997 onno[.
539 2959 548 2978 .
591 2964 598 2977 .
643 2912 734 2996 ]An
757 2926 1028 2977 cnmcuumunr
1052 2917 1299 2980 sncmunuuu.l

189 3024 234 3091 Ut
255 3035 363 3089 autem
386 3026 536 3089 uenerint
556 3026 604 3088 ad
621 3026 801 3088 aecclesiam
823 3024 1010 3088 scribantur
1030 3032 1161 3088 norrrr'na
1182 3048 1290 3089 eorum
1312 3037 1344 3090 et

143 3108 157 3193 [
158 3160 527 3177 ........
530 3112 543 3195 ]
558 3114 686 3193 sentim
706 3134 780 3175 uero
793 3113 828 3174 in
850 3113 1030 3175 sinistram.
1040 3122 1073 3174 et
1087 3114 1192 3175 mittet
1207 3135 1341 3176 uranum

144 3208 236 3279 super
258 3198 391 3282 capita[
393 3245 764 3263 ........
767 3198 779 3282 ]

185 3286 318 3349 Recede
339 3285 472 3349 diabole
494 3286 537 3350 ab
559 3284 622 3349 hac
645 3286 789 3368 imagine
812 3286 865 3350 dei
890 3286 1077 3368 increpatus
1099 3286 1143 3350 ab
1172 3307 1212 3350 eo
1243 3297 1275 3351 et
1298 3289 1341 3351 da

149 3368 254 3435 locum
270 3373 398 3455 spiritui
415 3383 540 3437 sancto,

191 3458 282 3521 Tunc
294 3460 391 3541 sigua
405 3461 526 3523 eumin
542 3459 670 3522 »tarnim
677 3458 790 3542 patris
800 3458 909 3543 elfilii
920 3468 952 3521 ct
963 3460 1100 3539 spiritus
1114 3461 1226 3522 sancti.

187 3544 293 3627 Signo
309 3557 342 3609 te
365 3548 536 3629 signaculo
552 3548 605 3610 dei
628 3548 731 3629 patris
743 3556 776 3609 et
799 3546 856 3609 filii
880 3556 913 3609 et
929 3548 1062 3628 spiritus
1077 3548 1192 3609 sancti.
1238 3546 1342 3629 Signo

144 3634 256 3696 oculos
277 3643 353 3696 tuos
376 3644 413 3698 ut
435 3636 550 3697 uideas
572 3634 756 3697 claritatem
773 3633 834 3697 dei.
881 3633 991 3695 Aures
1006 3644 1043 3695 ut
1066 3635 1181 3697 audias
1204 3634 1342 3699 uirtutes

143 3718 220 3783 eius.
267 3718 373 3783 Nares
388 3730 424 3784 ut
440 3721 603 3803 percipias
617 3720 754 3783 odorem
770 3721 944 3783 suauitatis
963 3721 1040 3782 eius.
1087 3720 1153 3783 Cor
1168 3730 1204 3783 ut
1227 3723 1341 3784 credas

143 3806 176 3869 in
191 3826 277 3869 eum.
322 3805 372 3871 Os
387 3816 424 3869 ut
439 3807 626 3871 confitearis
649 3806 704 3871 illi.
750 3806 965 3888 Signaculum
982 3808 1035 3869 dei
1059 3808 1160 3888 patris
1182 3818 1215 3871 et
1231 3807 1288 3870 filii
1307 3820 1341 3872 et

141 3894 275 3975 spiritus
305 3894 420 3957 sancti.
459 3904 518 3957 tuo
559 3895 689 3975 integro
720 3894 848 3976 corpori
885 3895 1009 3975 inpono
1053 3895 1142 3974 quod
1167 3902 1200 3956 te
1222 3916 1340 3958 sanum

138 3976 248 4043 iaciat.
263 3982 354 4044 omni
365 3990 535 4063 temporae
550 3982 639 4044 uitae
653 3979 783 4065 tuaelut
793 3981 917 4044 nullam
929 3979 1050 4043 habeat
1063 3981 1214 4042 diabolus
1224 3981 1279 4063 [so.
1290 3984 1340 4061 64.

140 4078 269 4147 partem
285 4067 338 4130 uel
355 4078 555 4149 potestatem
572 4068 614 4131 de
630 4079 671 4131 te.
687 4069 744 4131 sed
769 4068 899 4131 trinitas
922 4065 1052 4141 diuin0†
1068 4079 1182 4150 regnet
1210 4069 1242 4130 in
1259 4078 1292 4132 tc
1309 4071 1340 4132 in

139 4153 269 4217 saecula
285 4153 501 4217 saeculorum.
521 4175 632 4218 amen.

171 4334 181 4369 ¹
196 4338 261 4419 This
271 4340 328 4417 title
338 4340 388 4391 and
434 4348 455 4391 rt
466 4340 545 4392 ol'the
556 4340 685 4405 following
696 4340 778 4417 rubrio
790 4338 855 4391 have
866 4341 929 4417 been
941 4340 1039 4390 written
1051 4341 1076 4390 in
1089 4341 1156 4401 blue,
1169 4342 1218 4391 and
1230 4358 1273 4392 are
1283 4360 1340 4392 now

139 4406 280 4521 ull..
301 4406 378 4521 bt..
390 4406 745 4523 hluulsd
762 4406 1302 4523 etms''sessulilllslsr
1309 4409 1342 4524 l

138 4478 296 4597 dueum?
306 4536 351 4589 tlte
361 4538 454 4589 oeeond
465 4538 499 4603 by
509 4536 571 4589 such
581 4552 622 4589 wo
673 4552 702 4587 es
713 4488 765 4587 psa
776 4535 883 4588 insufflet
894 4488 1138 4601 inira'singulorum
1150 4536 1260 4588 dicens.’'
