3038 5106
400 360 485 411 KAL.
516 358 598 409 FEB.
629 360 716 411 ΝΑΤ.
747 361 775 410 S.
806 360 1002 412 BRIGIDAE.
1253 372 1297 426 157

629 533 770 597 Secreta.

138 632 280 716 Suscipe
316 632 451 696 domine
486 632 650 715 propitius
689 633 872 697 orationem
904 642 1060 696 nostram.
1096 654 1172 697 curn
1203 635 1294 697 obla·

92 720 242 785 tionibus
275 719 459 783 hostiarum
497 719 770 803 superimpositis.
807 730 841 783 et
880 721 1033 803 martyris
1071 722 1118 783 tui
1158 722 1294 804 proiecti

92 806 329 890 deprecatione
354 806 470 889 pietati
498 816 576 870 tuae
600 806 721 888 perfice
752 807 915 890 benignus
946 818 1108 889 acceptas.
1140 820 1173 872 et
1204 808 1293 872 illam

92 914 181 977 quae
198 895 230 956 in
248 914 289 957 eo
305 892 459 976 flagrauit
476 892 570 957 sortis
585 893 727 957 dilectio.
746 895 778 957 in
796 894 891 956 nobis
907 894 1017 975 aspira
1033 894 1204 977 benignus.
1230 917 1295 978 per.

593 1014 774 1094 Praefatio.

139 1115 188 1179 (θ
222 1125 356 1177 aeterne
394 1114 484 1177 deus,
541 1113 586 1175 Et
623 1123 716 1176 tuam
756 1114 1013 1178 misericordiam
1052 1116 1219 1196 deprecari
1258 1127 1294 1179 ut

95 1200 263 1265 mentibus
280 1201 399 1264 nostris
415 1201 503 1264 beati
521 1201 674 1281 martyris
685 1202 732 1263 tui
749 1201 885 1282 proiecti
897 1202 1037 1282 repetita
1047 1202 1294 1284 sollempnitate

93 1288 252 1372 spiritalis
284 1287 429 1350 laetitiae
460 1289 584 1350 tribuas
623 1287 743 1369 iugiter
779 1289 988 1350 suauitatem.
1056 1288 1294 1370 Concedasque

95 1374 191 1438 nobis
217 1385 255 1438 ut
280 1374 470 1437 uenerando
495 1375 657 1455 passionis
684 1375 754 1436 eius
781 1374 985 1456 triumphurn
1002 1376 1141 1438 obtentu
1159 1376 1245 1438 illius
1262 1388 1294 1440 et

95 1473 307 1545 peccatorum
324 1461 559 1525 remissionem.
575 1469 608 1523 et
624 1471 814 1524 sanctorum
841 1482 1027 1525 mereamur
1052 1463 1190 1544 adipisci
1215 1484 1293 1526 con-

95 1550 244 1613 sortium.
261 1567 319 1631 per
334 1547 493 1610 christum
510 1548 683 1611 dominum
701 1558 859 1611 nostrum.

535 1668 597 1731 Ad
614 1668 842 1750 corrrplendum.

140 1768 268 1835 Uotiua
283 1768 418 1831 domine
435 1788 494 1850 pro
511 1769 599 1832 beati
617 1769 770 1850 martyris
787 1768 922 1850 proiecti
940 1770 1093 1851 passione
1116 1771 1205 1832 dona
1222 1792 1293 1851 per·

95 1856 252 1939 cepimus.
269 1874 450 1937 quesumus
467 1870 503 1918 ut
520 1856 551 1917 in
569 1856 638 1918 eius
656 1856 828 1938 praecibus
843 1867 876 1917 et
893 1856 1076 1937 praesentis
1092 1857 1182 1918 uitae
1198 1858 1293 1918 nobis

94 1944 226 2027 pariter.
253 1953 288 2005 et
311 1953 465 2005 aeternae
490 1942 615 2006 tribuas
640 1942 786 2005 conferre
816 1942 1010 2004 subsidium.
1036 1962 1094 2024 per
1120 1944 1292 2006 dominum

94 2039 257 2095 nostrum.

138 2180 289 2245 v.Kn1.
317 2180 425 2242 Faus.
451 2179 662 2243 Nnrrurrns
686 2178 862 2242 Snucrns
886 2179 1024 2242 Acme
1050 2178 1236 2242 Urncrsrs.

139 2292 233 2357 Deus
248 2292 305 2374 qui
322 2289 399 2364 uosi
413 2311 524 2354 annua
540 2290 658 2354 beatae
674 2310 781 2373 agnae
792 2290 945 2370 martyris
956 2299 1033 2352 tuae
1043 2290 1292 2372 sollempnitate

94 2378 262 2445 laetificas.
287 2379 331 2442 da
355 2398 536 2460 quesumus
561 2387 597 2441 ut
621 2397 721 2460 quam
750 2397 945 2439 ueneramur
968 2376 1085 2439 officio.
1102 2377 1202 2440 etiam
1219 2379 1293 2459 piae

93 2466 356 2531 conuersationis
372 2485 549 2546 sequamur
564 2463 731 2546 exemplo.
751 2484 815 2545 per.

631 2588 766 2652 Secreta.

139 2690 248 2773 Super
288 2690 347 2752 has
385 2710 565 2770 quesumus
602 2689 737 2751 domine
773 2689 899 2751 hostias
937 2689 1124 2753 benedictio
1161 2691 1296 2770 copiosa

94 2776 286 2840 descendat.
301 2796 387 2858 quae
402 2787 435 2839 et
451 2774 747 2839 sanctificationem
773 2775 868 2838 nobis
889 2775 1068 2838 clementer
1083 2788 1245 2857 operetur.
1262 2787 1294 2839 et

94 2864 138 2926 de
153 2874 338 2945 martyrum
356 2883 416 2925 nos
431 2862 678 2944 sollempnitate
695 2860 857 2925 laetificet
875 2883 934 2945 per
949 2863 1133 2925 dominum.

604 2978 784 3059 Praefatzo.

138 3077 189 3142 (f)
212 3086 346 3141 aeterne
362 3078 451 3141 deus.
491 3078 612 3141 Beatae
628 3079 758 3159 agnetis
774 3078 928 3140 natalicia
943 3080 1159 3159 geminantes.
1207 3080 1296 3144 Uere

93 3165 183 3228 enim
200 3164 299 3227 huius
313 3165 525 3228 honorandus
543 3177 592 3228 est
608 3166 679 3229 dies
696 3170 795 3246 [quae
810 3166 856 3228 sic
873 3176 1002 3228 terrena
1014 3185 1112 3247 gene·
1129 3165 1184 3247 [fe.
1207 3184 1294 3229 112v.

94 3252 223 3402 rqtiope
251 3252 410 3333 processit
437 3262 473 3313 ut
498 3253 538 3314 ad
568 3253 753 3315 diuinitatis
785 3253 986 3315 consortium
1015 3254 1209 3334 perueniret.
1238 3275 1296 3336 per

92 3358 180 3401 cns
198 3358 263 3401 um.

542 3459 604 3521 Ad
621 3459 846 3540 corrrplendum.

140 3556 353 3638 Sumpsirnus
376 3558 510 3620 domine
537 3556 778 3640 ce[le¹]britatis
806 3578 915 3621 annue
942 3559 1056 3621 uotiua
1079 3571 1295 3623 sacramenta.

96 3654 228 3725 praesta
242 3663 424 3725 quesumus
448 3654 484 3707 ut
507 3645 697 3726 temporalis
722 3646 817 3709 nobis
832 3647 921 3708 uitae
946 3646 1091 3709 remedia
1115 3647 1294 3726 praebeant

96 3740 129 3793 et
144 3739 307 3793 aeternae.
325 3750 383 3813 per
398 3731 579 3793 dominum.

178 3882 272 3947 ΚΑΙ..
297 3884 406 3948 Fran.
432 3885 588 3948 Nnrnne
613 3886 788 3949 Snucrrs
813 3886 999 3949 Bmcmnu
1026 3884 1226 3949 Urscrnrs.²

140 3996 326 4061 Caelorum.
342 4006 444 4079 atque
459 4007 618 4061 terrarum
635 3998 788 4060 eonditor
810 4006 843 4059 et
866 3997 1068 4078 gubernator
1083 3999 1296 4080 omnipotens

99 4084 190 4147 deus.
213 4084 380 4166 praecanti
397 4084 523 4167 populo
547 4094 606 4146 tuo
631 4104 784 4146 succurre
809 4081 943 4165 pietati(
964 4095 998 4147 et
1020 4095 1152 4166 praesta
1178 4097 1214 4148 ut
1238 4088 1294 4167 qui

100 4168 222 4233 honore
242 4180 378 4234 sanctae
396 4170 525 4254 brigide
544 4180 752 4253 praesentem
772 4170 836 4233 diei
858 4171 953 4233 huius
975 4172 1120 4253 gerimus
1141 4172 1297 4254 sollemp-

101 4256 237 4320 nitatem
261 4276 321 4339 per
343 4258 446 4340 ipsius
469 4258 626 4339 suffragia
653 4258 788 4339 perenni
816 4257 921 4340 gloria
948 4269 1007 4321 tua
1037 4262 1210 4340 potiamur.
1239 4281 1296 4341 per

101 4342 272 4407 dominum
290 4354 448 4407 nostrum.

326 4460 334 4493 ¹
352 4462 371 4513 S
388 4463 465 4514 llrrble
475 4464 582 4514 omitted
594 4464 620 4513 in
632 4464 688 4515 MS.

324 4524 336 4561 ¹
392 4530 507 4581 eoouecr
520 4530 542 4579 is
552 4530 595 4579 the
606 4530 665 4595 only
677 4538 732 4596 part
743 4530 772 4579 of
786 4530 828 4581 the
840 4531 910 4579 Mass
921 4530 946 4579 in
959 4530 1002 4579 the
1015 4530 1070 4581 MS.
