3038 5106
388 366 505 415 HEBD.
534 366 572 416 II.
603 366 739 427 QUADR.
783 364 899 414 FERIA
927 364 996 414 IIII.

591 590 710 653 Fanni
736 590 801 654 ΙΙΙ.

134 750 257 817 Perfice
287 772 467 835 quesumus
497 752 633 815 domiue
663 752 827 832 benignus
859 752 890 813 in
923 751 1020 814 nobis
1057 751 1289 815 obseruantiae

87 852 224 905 sanctae
247 840 440 903 subsidium.
460 850 496 902 ut
519 859 604 920 quae
628 850 661 901 te
684 854 817 901 auctore
834 838 985 901 facienda
1007 842 1233 921 cognouimus.
1258 856 1290 904 te

87 938 249 1011 operante
264 927 470 1008 impleamus.
488 947 547 1009 per
561 928 743 989 dominum.

626 1062 762 1125 Secreta.

135 1174 440 1239 Sanctificationem
468 1185 560 1238 tuam
592 1174 687 1236 nobis
713 1176 847 1238 domine
875 1174 925 1236 his
951 1176 1117 1256 mysteriis
1142 1175 1291 1257 placatus

88 1284 234 1345 operare„
250 1282 337 1343 quae
353 1282 414 1324 nos
430 1273 464 1324 et
479 1284 499 1324 a
512 1263 648 1324 terrenis
666 1274 785 1344 purget
802 1264 898 1324 uitiis.
915 1274 948 1325 et
964 1263 1007 1324 ad
1024 1262 1179 1325 caelestia
1202 1265 1291 1325 dona

90 1352 259 1433 perducat.
276 1370 341 1431 per.

604 1478 785 1556 Praefirui).

134 1590 199 1671 lffl
214 1600 349 1653 aeterne
369 1592 462 1653 deus.
507 1587 574 1670 Qui
590 1589 635 1651 ob
650 1592 835 1651 animarum
853 1590 1017 1652 medelam
1034 1591 1142 1653 ieiunii
1161 1590 1216 1671 [so.
1239 1607 1290 1668 47.

90 1679 270 1741 deuotione
285 1679 438 1760 castigari
454 1697 594 1758 corpora
616 1678 820 1758 praecepisti.
876 1678 1030 1740 Concede
1053 1698 1232 1758 quesumus
1257 1694 1291 1739 ut

90 1766 191 1827 corda
218 1776 331 1827 nostra
353 1767 399 1826 ita
423 1765 556 1845 pietatis
573 1775 649 1825 tuae
666 1763 799 1825 ualeant
822 1785 976 1826 exercere
1000 1766 1165 1827 mandata.
1189 1777 1225 1826 ut
1249 1766 1291 1826 ad

92 1864 150 1915 tua
165 1872 353 1915 mereamur
369 1863 402 1914 te
418 1852 605 1933 opitulante
621 1852 792 1933 peruenire
808 1853 979 1932 promissa.
996 1873 1055 1933 per
1070 1853 1237 1913 christum.

545 2010 608 2073 Ad
614 2010 840 2091 corrmlendum.

137 2122 185 2187 Ut
208 2124 311 2185 sacris
337 2124 473 2187 domine
504 2123 683 2186 reddamur
707 2124 798 2205 digni
831 2123 1029 2186 muneribus,
1063 2123 1113 2186 lac
1141 2145 1201 2187 nos
1229 2128 1293 2189 tuis

93 2230 273 2291 quesumus
288 2210 445 2275 oboedire
462 2212 637 2274 mandatis.
653 2230 720 2291 per.

555 2368 663 2449 Super
668 2369 830 2449 populum.

138 2481 321 2565 Propitiare
357 2482 493 2544 domine
529 2480 828 2562 supplicationibus
867 2481 995 2544 nostris.
1035 2493 1068 2545 et
1105 2485 1291 2548 animarum

97 2580 281 2633 nostrarum
310 2570 441 2631 medere
467 2568 688 2649 languoribus.
721 2578 756 2628 ut
782 2569 974 2631 remissione
997 2584 1160 2652 percepta.
1178 2573 1210 2634 in
1234 2585 1292 2635 tua

94 2676 222 2739 semper
238 2657 468 2719 benedictione
484 2656 652 2718 laetemur.
667 2675 728 2737 per
742 2655 915 2717 dominum
934 2669 1090 2721 nostruin.

581 2858 701 2920 Furem
719 2857 803 2921 1111.

136 3004 301 3089 Populum
333 3014 427 3067 tuum
458 3003 593 3066 domine
623 3003 785 3085 propitius
811 3004 934 3085 respice
957 3014 990 3067 et
1014 3025 1097 3085 quos
1121 3005 1165 3067 ab
1187 3006 1291 3067 aescis

93 3092 279 3157 carnalibus
303 3092 464 3175 praecipis
488 3090 660 3153 abstinere.
686 3113 706 3153 a
737 3091 848 3153 noxiis
879 3111 1012 3172 quoque
1044 3094 1130 3154 uitiis
1162 3113 1289 3156 cessure

94 3180 246 3245 concede.
261 3200 321 3263 per
335 3179 518 3243 dominum.

625 3294 761 3358 Secreta.

138 3406 278 3471 Hostias
299 3406 435 3469 domine
457 3425 540 3486 quas
562 3405 622 3468 tibi
646 3406 821 3468 offerimus.
845 3407 1007 3488 propitius
1031 3409 1162 3489 respice.
1182 3420 1215 3471 et
1232 3430 1291 3490 per

95 3494 174 3558 haec
189 3503 306 3557 sancta
321 3494 528 3555 commercia
544 3493 676 3555 uincula
698 3505 909 3575 peccatorum
936 3506 1122 3557 nostrorum
1144 3496 1288 3559 absolue.

96 3602 153 3665 per
166 3582 349 3645 dominum

604 3691 785 3770 Praefatio.

136 3807 186 3872 (D
217 3826 276 3888 per
305 3802 463 3867 christum
506 3802 678 3864 dominum
711 3814 868 3866 nostrum.
925 3804 986 3865 Per
1022 3824 1122 3884 quem
1152 3806 1288 3868 humani

95 3895 222 3975 generis
253 3890 553 3955 reconciliationem
591 3889 732 3951 mirabili
770 3892 1017 3972 dispensatione
1054 3904 1209 3973 operatus
1246 3916 1289 3955 es.

97 3984 229 4044 Praesta
251 3998 432 4061 quesumus
448 3986 484 4039 ut
499 3988 615 4039 sancto
631 3976 792 4057 purificati
814 3978 934 4039 ieiunio
957 3989 990 4039 et
1014 3979 1072 4041 tibi
1098 3991 1169 4041 toto
1191 3984 1291 4044 corde

96 4070 195 4131 simus
210 4066 359 4129 subiecti.
374 4075 408 4127 et
424 4066 509 4126 inter
525 4064 712 4126 mundanae
729 4066 900 4146 prauitatis
914 4065 1057 4127 insidias.
1069 4077 1100 4128 te
1112 4068 1288 4130 miserante

96 4174 342 4237 perseueremus
357 4151 479 4215 inlaesi.
496 4171 677 4233 perquem.

569 4305 632 4367 Ad
642 4304 867 4385 conparandum.

141 4430 295 4515 Sumptis
338 4430 474 4493 domine
517 4430 733 4492 sacramentis
777 4432 820 4493 ad
863 4432 1100 4514 redemptionis
1139 4446 1293 4499 aeteurae

97 4538 275 4603 quesumus
289 4516 501 4603 proficiamus
516 4527 742 4599 augmentum.
758 4538 825 4600 per.
