3038 5106
357 332 469 385 MISSA
492 332 548 383 Al>
569 333 732 385 SPONSAS
752 332 1061 385 BENEDICENDAS.
1268 338 1317 397 269

562 486 624 551 Ad
641 486 867 569 complendum.

160 590 254 675 Quos
285 589 425 655 refecisti
456 590 591 654 domine
621 590 756 653 caelesti
787 591 947 671 mysterio
977 592 1117 673 propriis
1143 602 1176 655 et
1200 592 1315 656 alienis

112 698 296 761 quesumus
320 677 519 760 propitiatus
543 675 681 740 absolue
705 677 845 741 delictis.
861 688 898 740 ut
920 679 1034 740 diuino
1051 698 1187 742 munere
1203 679 1315 763 purifi-

113 767 200 830 catis
215 764 382 829 mentibus
397 763 612 847 perfruamur.
628 784 694 847 per.

376 957 495 1021 M1ssn
519 970 590 1020 nno
614 956 838 1022 Conconom
863 958 1059 1021 anrnunr.

161 1085 253 1146 Deus
280 1084 417 1165 largitor
441 1083 531 1164 pacis
556 1091 590 1145 et
613 1092 744 1144 amator
767 1081 925 1145 karitatis.
941 1083 985 1145 da
1001 1082 1104 1145 seruis
1121 1083 1185 1145 tuis
1202 1101 1313 1146 ueram

112 1191 191 1234 cum
208 1181 266 1233 tua
282 1170 455 1233 uoluntate
470 1168 690 1232 concordiam.
709 1179 744 1232 ut
760 1169 803 1231 ab
818 1170 972 1233 omnibus
987 1189 1073 1250 quae
1097 1189 1158 1233 nos
1181 1170 1313 1252 pulsant

113 1256 390 1340 temptationibus
406 1256 588 1319 liberemur.
606 1276 670 1338 per.

647 1392 783 1455 Secreta.

160 1506 224 1569 His
251 1504 417 1568 sacrificiis
447 1525 626 1587 quesumus
657 1505 792 1567 domine
822 1505 967 1568 concede
998 1505 1158 1587 placatus.
1190 1516 1226 1569 ut
1257 1508 1312 1588 qui

112 1594 254 1676 propriis
269 1613 403 1657 oramus
419 1592 547 1655 absolui
559 1591 696 1654 delictis
714 1612 778 1654 non
796 1612 971 1673 grauemur
987 1593 1143 1656 externis,
1160 1614 1226 1675 per.

570 1746 631 1808 Ad
641 1746 866 1827 complendum.

159 1860 280 1923 Libera
304 1880 364 1922 nos
386 1858 521 1922 domine
546 1858 589 1921 ab
613 1860 703 1921 omni
732 1859 820 1921 malo
844 1859 1071 1941 propitiusque
1101 1862 1253 1924 concede.
1278 1872 1314 1924 ut

112 1966 201 2029 quae
217 1946 312 2010 nobis
329 1946 495 2029 poscimus
511 1945 662 2008 relaxari.
685 1945 746 2027 ipsi
770 1966 903 2027 quoque
919 1947 1081 2027 proximis
1098 1949 1313 2011 remittamus.

111 2054 179 2116 per.

354 2200 471 2264 Missa
494 2213 566 2263 nno
590 2198 699 2261 Faue
724 2212 769 2262 nc
793 2199 1055 2263 Pnsnnnurnt.

159 2328 390 2411 Sempiternae
420 2328 553 2411 pietatis
585 2338 663 2390 tuae
700 2328 941 2391 abundantiam
981 2330 1117 2392 domine
1146 2332 1312 2412 supplices

115 2415 339 2498 imploramus
365 2426 401 2478 ut
428 2436 488 2479 nos
513 2413 680 2478 beneficiis
705 2416 825 2496 quibus
845 2434 911 2478 non
932 2435 1096 2479 meremur
1111 2418 1311 2500 anticiparis¹

114 2501 199 2565 bene
216 2502 322 2566 lacere
337 2502 547 2585 cognoscaris
564 2502 717 2583 indignis
735 2522 799 2584 per.

642 2638 780 2702 Secreto.

159 2753 251 2816 Deus
274 2754 330 2834 qui
355 2753 491 2815 humani
515 2752 643 2834 generis
659 2762 835 2833 utramque
851 2752 1070 2815 substantiam
1088 2755 1310 2835 praesentium

114 2858 286 2902 munerum
303 2850 337 2902 et
353 2840 512 2903 alimento
528 2849 673 2921 uegetas.
690 2849 724 2902 et
740 2859 880 2902 renouas
896 2838 1118 2921 [sacramento
1142 2839 1198 2921 [so.
1222 2858 1310 2918 194v.

113 2925 220 2989 tribue
236 2946 415 3008 quesumus
432 2937 468 2989 ut
484 2947 597 2989 eorum
625 2937 659 2989 et
684 2926 875 3008 corporibus
899 2926 1018 2988 nostris
1042 2926 1226 2990 subsidium
1244 2948 1308 2990 non

109 3014 198 3076 desit
213 3023 246 3076 et
263 3014 437 3076 mentibus.
454 3035 521 3095 per.

565 3133 628 3195 Ad
637 3132 861 3213 complendum.

157 3236 313 3301 Guberna
343 3257 523 3319 quesumus
549 3237 685 3300 domine
716 3235 955 3318 temporalibus
986 3237 1194 3300 adiumentis.
1227 3258 1310 3319 quos

110 3324 257 3406 dignaris
273 3325 415 3387 aeternis
432 3324 608 3387 informare
625 3324 797 3405 mysteriis
815 3343 871 3403 per
889 3324 1069 3386 dominum.

359 3524 476 3587 Missa
498 3540 549 3587 An
574 3523 739 3588 Sponsus
765 3523 1069 3586 annorcnunns.

157 3655 289 3718 Exaudi
321 3674 381 3716 nos
412 3655 624 3735 omnipotens
662 3654 744 3714 deus
775 3662 810 3713 ut
840 3652 930 3733 quod
962 3663 1075 3715 nostro
1107 3654 1311 3717 ministratur

108 3740 219 3805 officio
231 3753 289 3804 tua
305 3741 537 3803 benedictione
553 3740 663 3821 potius
679 3738 862 3820 Impleatur.
880 3759 937 3819 per
952 3740 1133 3802 dominum.

644 3876 780 3939 Secreta.

156 3980 293 4063 Suscipe
324 4001 504 4063 quesumus
533 3980 668 4044 domine
699 4000 758 4062 pro
788 3977 900 4052 sacrol
922 3979 1054 4043 conubii
1085 3980 1158 4063 lege
1189 4002 1308 4045 munus

108 4068 260 4132 oblatum
277 4079 310 4132 et
325 4069 418 4131 cuius
434 4067 571 4151 largitor
585 4086 620 4129 es
636 4067 753 4148 operis.
769 4077 842 4153 esto
857 4065 1043 4149 dispositor.
1061 4087 1127 4149 per.

614 4203 793 4283 Praefatio.

156 4311 205 4374 G)
241 4329 384 4391 aequum
415 4319 449 4372 et
479 4307 631 4371 salutare.
691 4306 758 4389 Qui
790 4307 922 4371 loedere
954 4309 1143 4391 nuptiarum
1184 4308 1308 4372 blando

108 4398 307 4462 concordiae
333 4397 411 4479 iugo
435 4403 468 4459 et
489 4394 654 4457 insolubili
679 4395 771 4476 pacis
798 4395 931 4459 uinculo
954 4395 1107 4459 nexuisti.
1137 4406 1173 4459 ut
1197 4396 1308 4460 multi·

597 4502 605 4534 ¹
623 4504 673 4555 For
683 4506 833 4570 arreicrjnaru.
