3038 5106
541 346 581 397 II.
611 346 696 397 KAL.
727 346 801 399 IUL.
831 347 919 398 Nar.
948 346 977 397 S.
1004 345 1128 398 PAULI.

682 523 744 585 Ad
753 520 979 605 corrmlendunt.

277 630 372 713 Quos
387 632 520 696 caelesti
544 635 680 697 domine
703 635 862 697 alimento
885 635 1013 697 satiasti
1037 633 1228 715 apostolicis
1253 632 1436 697 intercessi·

232 719 352 782 onibus
367 720 411 783 ab
426 721 516 783 omni
532 723 734 784 aduersitate
749 722 888 785 custodi.
904 742 970 804 per.

789 850 881 914 Alia

279 959 371 1023 Deus
401 962 457 1042 qui
488 963 588 1027 beato
618 964 772 1047 apostolo
796 973 855 1026 tuo
882 974 977 1046 petro
1002 963 1143 1027 conlatis
1167 963 1323 1026 clauibus
1349 964 1440 1045 regni

234 1046 385 1111 caelestis
411 1051 540 1112 animas
563 1050 688 1132 ligandi
716 1064 817 1133 atque
840 1051 1001 1114 soluendi.
1029 1049 1235 1132 pontificium
1263 1052 1440 1114 tradidisti.

234 1136 380 1197 concede
400 1148 436 1198 ut
461 1138 702 1200 intercessionis
725 1139 795 1200 cius
819 1139 989 1201 auxilioa
1011 1148 1223 1220 peccatorum
1248 1149 1441 1201 nostrorum

236 1222 378 1284 nexibus
395 1223 578 1288 liberemur.
595 1246 654 1306 per
669 1227 853 1288 dominum.

784 1362 879 1424 Aleia.

279 1471 503 1554 Omnipotens
527 1475 728 1556 sempiterne
753 1476 834 1537 deus
860 1475 917 1555 qui
942 1473 1136 1537 aecclesiam
1161 1483 1254 1537 tuam
1283 1475 1318 1536 in
1345 1493 1444 1557 apos-

234 1559 334 1621 tolica
350 1560 518 1623 soliditate
541 1560 724 1624 fundatam.
749 1562 791 1623 ab
810 1560 985 1623 inferorum
1002 1562 1088 1624 eruis
1111 1571 1233 1624 terrore
1258 1572 1444 1644 portarum.

235 1656 367 1795 pqaesta
384 1658 420 1710 ut
437 1649 469 1709 in
487 1658 545 1710 tua
561 1650 701 1712 ueritate
717 1648 903 1731 persistens.
921 1648 1012 1710 nulla
1029 1649 1164 1731 recipiat
1180 1650 1353 1712 consortia
1371 1670 1444 1731 per·

281 1753 384 1796 orum.
402 1755 466 1815 per.

790 1856 882 1917 Alia.

279 1965 453 2029 Familiam
471 1978 563 2029 tuam
579 1987 760 2048 quesumus
784 1966 920 2029 domine
943 1966 1106 2049 propitius
1130 1966 1266 2029 intuere.
1283 1975 1319 2029 et
1343 1987 1444 2049 apos-

234 2052 341 2114 tolicis
358 2053 499 2116 defende
515 2055 696 2135 praesidiis
712 2066 749 2116 ut
765 2074 879 2116 eorum
899 2054 1072 2136 praecibus
1094 2053 1300 2116 adiuuemur.
1317 2054 1444 2135 quibus

234 2140 350 2202 nititur
365 2150 398 2202 te
414 2142 636 2204 constituente
654 2141 867 2223 principibus.
884 2161 943 2221 per
957 2141 1139 2203 dominum.

788 2276 879 2338 Alia.

279 2386 412 2449 Exaudi
429 2409 489 2450 nos
504 2390 587 2451 deus
603 2388 756 2452 salutaris
777 2398 897 2451 noster.
915 2398 948 2451 et
971 2389 1199 2470 apostolorum
1223 2398 1361 2452 tuorum
1380 2410 1442 2453 nos

233 2484 325 2536 tuere
363 2477 544 2555 praesidiis.
578 2496 721 2556 quorum
759 2475 891 2539 donasti
931 2473 1046 2559 fideles
1076 2495 1147 2538 esse
1177 2476 1348 2539 doctrinis.
1382 2497 1442 2560 per

232 2561 404 2623 dominum
422 2573 579 2626 nostrum.

789 2683 879 2745 Alia.

279 2769 417 2850 l’rotege
433 2770 568 2831 domine
585 2769 744 2850 populum
762 2781 856 2832 tuum
868 2780 901 2832 et
917 2770 1144 2850 apostolorum
1156 2779 1289 2832 tuorum
1308 2771 1395 2852 petri
1406 2781 1438 2834 et

233 2855 322 2936 pauli
349 2857 533 2938 patrocinio
550 2856 772 2919 confidentem
797 2866 959 2938 perpetua
975 2856 1167 2919 defensione
1183 2877 1354 2920 conserua.
1371 2878 1438 2940 per.

789 2994 892 3056 tllt'cz.l

276 3110 326 3185 ur.
353 3105 443 3166 Kar..
471 3103 547 3167 luc.
574 3104 729 3166 Narnia
759 3104 897 3168 §.incar
925 3103 1438 3187 Pnuc1AP0sToc1.[s0.134.

278 3251 369 3313 Deus
399 3251 454 3330 qui
487 3250 735 3312 multitudinem
774 3251 922 3331 gentium
962 3251 1050 3313 beati
1089 3250 1179 3331 pauli
1210 3252 1353 3333 apostoli
1389 3254 1437 3316 tui

234 3339 478 3420 praedicatione
516 3337 666 3399 docuisti.
698 3338 741 3398 cla
778 3338 872 3398 nobis
904 3358 1085 3418 quesumus
1120 3348 1156 3400 ut
1186 3340 1279 3400 cuius
1311 3339 1438 3403 natalia

233 3426 371 3487 colimus
389 3426 458 3486 eius
474 3423 563 3505 apud
581 3434 614 3485 te
630 3421 832 3504 patrocini0†
847 3426 1038 3487 sentiamus.
1062 3445 1129 3506 per.

766 3560 902 3624 Secreta.

278 3665 470 3727 hecclesiae
498 3675 574 3726 tuae
591 3685 772 3744 quesumus
789 3666 924 3727 domine
943 3685 1076 3745 praeces
1092 3677 1126 3728 et
1151 3665 1276 3730 hostias
1302 3679 1438 3749 aposto·

234 3753 295 3814 lica
311 3752 523 3813 commendet
540 3755 653 3813 oratio.
671 3764 708 3814 ut
724 3755 814 3833 quod
833 3773 892 3833 pro
914 3751 1044 3814 illorum
1069 3754 1174 3834 gloria
1197 3754 1435 3818 caelebramus

234 3841 329 3901 nobis
346 3840 448 3920 prosit
465 3839 506 3899 ad
524 3840 666 3900 ueniam.
684 3860 750 3920 per.

744 3956 924 4035 Pracfizttb.

278 4061 327 4123 (f)
351 4071 484 4121 aeterne
500 4061 590 4121 deus.
630 4059 675 4121 Et
692 4060 899 4122 maiestatem
916 4070 1009 4121 tuam
1026 4060 1218 4141 suppliciter
1234 4082 1382 4124 exorare.
1399 4071 1436 4125 ut

233 4147 428 4209 aecclesiam
445 4156 536 4207 tuam
562 4147 649 4207 beati
674 4145 762 4227 pauli
787 4146 928 4227 apostoli
946 4147 993 4208 tui
1017 4148 1263 4228 praedicatione
1279 4150 1434 4211 edoctam

235 4233 324 4296 nulla
349 4234 438 4293 sinas
470 4231 597 4294 fallacia
629 4233 753 4295 uiolari.
816 4234 859 4294 Et
886 4235 970 4295 sicut
1002 4233 1082 4294 nihil
1114 4235 1146 4295 in
1174 4255 1252 4296 uera
1278 4236 1436 4317 religione

235 4340 368 4382 manere
398 4320 587 4381 dinoscitur.
618 4321 708 4399 quod
736 4340 801 4381 uon
830 4321 900 4382 eius
927 4320 1088 4382 condierit
1114 4319 1289 4402 disciplina
1314 4323 1361 4385 ita
1392 4324 1433 4385 ad

268 4454 274 4484 ¹
293 4457 355 4505 This
366 4456 476 4520 heading
487 4456 508 4504 is
520 4456 562 4505 the
579 4457 625 4505 last
644 4457 712 4505 word
725 4456 754 4505 of
761 4455 794 4505 lo.
813 4468 882 4519 133v.
902 4456 984 4505 which
996 4472 1101 4520 appears
1121 4464 1148 4505 to
1167 4456 1231 4507 have
1248 4458 1313 4507 been
1330 4457 1373 4509 the
1391 4460 1437 4508 last

234 4539 297 4586 page
309 4522 337 4571 ol
352 4522 394 4571 the
406 4521 545 4585 gotherlng.
584 4521 606 4569 lt
618 4521 663 4571 has
675 4522 796 4586 probably
807 4522 871 4571 been
883 4522 988 4571 inserted
1003 4522 1036 4584 by
1047 4522 1160 4571 mistake.
