3038 5106
351 374 443 425 Doni.
463 372 492 423 X
497 372 540 421 VI.
559 372 657 423 POS'I'
670 372 748 421 OCT.
768 370 1052 423 PEA'TECOSTEN.
1258 384 1301 437 131

622 546 686 610 Ad
695 548 782 609 com.¹

148 658 304 725 Concede
326 660 423 724 nobis
446 660 581 724 domine
602 679 783 741 quesumus
806 670 842 721 ut
868 658 948 721 haec
970 659 1079 721 hostia
1101 657 1254 721 salutaris
1270 670 1303 721 et

96 760 291 898 nostporurn
309 745 368 810 fiat
383 748 538 831 purgatio
550 747 755 810 delictorum.
768 758 801 810 et
818 759 895 809 tuae
911 747 1104 829 propitiatio
1120 748 1302 829 potestatis.

97 854 164 917 per
202 854 360 898 ominum.

616 971 797 1050 Prarfirtro.

147 1083 198 1147 (Β
221 1104 280 1166 per
302 1083 462 1148 christum
490 1083 663 1147 dominum
688 1094 846 1145 nostrum.
894 1081 961 1164 Qui
984 1084 1181 1146 aeternitate
1196 1103 1302 1147 sacer-

97 1168 186 1233 dotii
209 1172 260 1233 sui
276 1191 392 1234 omnes
415 1172 475 1233 tibi
503 1172 685 1233 seruientes
710 1170 895 1233 sanctificat
918 1172 1115 1234 sacerdotes
1133 1172 1301 1254 Quoniam

99 1257 235 1319 mortali
251 1278 348 1320 carne
364 1259 560 1321 circumdati
577 1259 622 1320 ita
635 1257 810 1320 cotidianis
827 1268 1038 1339 peccatorum
1056 1258 1303 1321 remissionibus

99 1342 300 1426 indigemus
331 1355 368 1407 ut
400 1366 466 1407 non
497 1345 604 1407 solum
637 1365 697 1426 pro
728 1344 861 1426 populo
894 1346 951 1406 sed
983 1346 1084 1407 etiam
1116 1367 1176 1428 pro
1207 1346 1302 1408 nobis

98 1430 252 1494 eiusdem
280 1441 313 1494 te
337 1432 502 1513 pontificis
529 1431 794 1514 interpellatione
818 1433 952 1513 sanguis
977 1444 1104 1495 exoret.
1122 1454 1180 1515 per
1202 1453 1302 1513 quem

100 1518 313 1582 maiestatem
330 1529 432 1582 tuam.

551 1651 614 1715 Ad
630 1652 859 1733 conplendunz.

151 1762 326 1827 Purificent
342 1784 473 1846 semper
488 1774 522 1827 et
539 1765 691 1827 muniant
708 1773 766 1827 tua
790 1775 997 1827 sacramenta
1021 1785 1081 1827 nos
1098 1766 1188 1828 deus
1206 1775 1239 1827 et
1262 1767 1304 1828 ad

104 1862 287 1933 perpetuae
302 1850 426 1914 ducant
442 1852 637 1914 saluationis
653 1851 818 1914 effectum.
836 1872 895 1934 per
910 1853 1085 1915 dominum
1102 1864 1261 1915 nostrum.

564 2005 671 2087 Super
676 2006 841 2086 populum.

153 2114 208 2177 Da
222 2136 404 2197 quesumus
428 2116 563 2179 domine
586 2116 672 2180 hauc
700 2125 846 2178 mentem
874 2116 999 2198 populo
1025 2127 1094 2179 tuo.
1124 2127 1160 2179 ut
1185 2118 1240 2198 qui
1266 2118 1308 2179 ad

107 2200 310 2285 placandum
346 2205 543 2266 necessitate
580 2204 754 2269 concurrit.
793 2204 957 2266 maiestati
996 2214 1073 2266 tuae
1112 2204 1169 2267 fiat
1208 2206 1308 2267 etiam

107 2290 284 2353 uoluntate
300 2292 451 2353 deuotus.
467 2312 533 2373 per.

241 2496 440 2561 Doursres
463 2498 560 2561 XVI.
585 2509 674 2559 rosr
699 2495 872 2559 Ocrnnns
897 2496 1178 2561 Prn'rncosrrn.

151 2626 340 2691 ²ecclesiam
378 2636 469 2689 tuam
508 2628 644 2689 domine
675 2627 844 2688 miseratio
882 2627 1076 2689 continuata
1108 2630 1246 2693 mundet
1277 2642 1310 2694 ct

107 2715 245 2776 muniat.
262 2724 296 2775 et
310 2714 389 2794 quia
413 2715 485 2775 siue
510 2724 544 2775 te
572 2734 637 2775 non
662 2724 773 2794 potest
796 2714 888 2775 salua
904 2716 1091 2779 consistere.
1108 2731 1167 2779 tuo
1182 2738 1312 2800 semper

106 2820 246 2863 munere
261 2800 472 2881 gubernetur.
487 2822 553 2883 per.

644 2937 782 3001 Secreta.

150 3050 228 3115 Tua
242 3070 304 3113 nos
318 3050 453 3114 domine
479 3062 688 3114 sacramenta
714 3052 912 3114 custodiant.
939 3062 973 3115 et
999 3062 1114 3117 contra
1130 3055 1311 3119 diabolicos

105 3148 268 3201 tueantur
281 3140 439 3201 incursus.
456 3160 521 3221 per.
589 3152 592 3165 ·

623 3291 804 3369 Praefatio.

152 3402 221 3487 [OE
237 3413 370 3465 aeterne
385 3405 475 3467 deus
521 3404 567 3467 Et
583 3414 616 3466 te
631 3405 834 3466 incessanter
849 3404 1022 3483 praeclari³
1038 3416 1074 3469 ut
1089 3408 1144 3487 qui
1163 3406 1218 3488 [so.
1236 3425 1310 3485 94ν.

104 3501 142 3555 te
166 3499 303 3553 auctore
317 3492 535 3554 subsistimus.
560 3500 592 3552 te
616 3491 1036 3571 dispensantedirigarnur.
1082 3494 1158 3555 Nou
1190 3497 1311 3556 nostris

105 3578 263 3641 sensibus
294 3579 523 3658 relinquamur.
541 3578 597 3640 sed
629 3579 671 3639 ad
703 3586 780 3638 tuae
807 3578 931 3639 reducti
961 3581 1126 3641 tramitem
1153 3582 1312 3643 ueritatis.

105 3666 193 3729 haec
223 3665 417 3727 studeamus
446 3684 601 3727 exercere
630 3684 716 3745 quae
748 3665 909 3745 praecipis
947 3676 984 3727 ut
1020 3668 1185 3746 possimus
1224 3668 1312 3730 dona

105 3752 280 3837 percipere
295 3772 381 3835 quae
397 3752 571 3833 promittis.
587 3771 645 3833 per
660 3751 818 3813 christum
835 3751 1008 3813 dominum
1025 3767 1181 3817 nostrum.

565 3906 626 3967 Ad
636 3904 859 3987 complcrrdurrr.

156 4016 290 4079 Mentes
305 4026 435 4080 nostras
462 4026 495 4080 et
520 4038 657 4099 corpora
681 4018 850 4099 possideat
877 4038 1057 4099 quesumus
1083 4020 1217 4082 domine
1233 4022 1312 4083 doni

105 4104 264 4169 caelestis
279 4104 437 4186 operatio.
454 4114 490 4166 ut
507 4125 574 4167 non
599 4116 711 4168 noster
732 4124 849 4166 sensus
864 4106 897 4168 in
914 4105 1010 4167 nobis
1026 4108 1083 4169 sed
1108 4109 1227 4189 iugiter
1242 4110 1312 4171 eius

105 4192 303 4277 praeueniat
318 4190 463 4253 effectus.
479 4212 545 4273 per.

144 4370 152 4401 ι

124 4374 338 4553 ὦξοιῐῇῖὲἕέε·
348 4438 412 4488 been
423 4436 468 4489 leli
479 4436 517 4487 lor
528 4454 560 4487 an
572 4436 652 4487 initial
670 4439 703 4497 Α,
717 4438 801 4487 which
821 4438 865 4487 the
883 4438 1038 4489 illuminator
1055 4440 1101 4491 has
1119 4440 1187 4491 filled
1208 4443 1313 4493 withan

106 4522 124 4557 n
162 4522 171 4553 ι
184 4520 242 4553 rone

143 4568 359 4635 ’rapam

1115 4650 1140 4700 s
1167 4656 1183 4701 z
