3038 5106
456 352 550 403 XVII.
576 352 662 403 ΚΑΛ
689 350 764 404 IUL.
791 350 879 401 NAT.
906 351 933 401 S.
965 350 1054 402 UITI.
1313 358 1359 410 179

689 516 829 582 Secreta.

201 624 392 692 Oblationis
408 638 540 693 nostrae
556 650 677 693 munus
692 638 751 693 tua
765 629 901 693 domine
916 638 950 692 et
966 627 1142 691 benedicat
1153 635 1187 690 et
1200 624 1358 706 suscipiat

153 712 305 780 dextera.
336 726 371 779 et
401 717 613 799 supplicante
643 726 760 780 sancto
789 715 938 779 barnaba
968 714 1123 798 apostolo
1153 711 1358 795 acceptabile

151 800 388 866 holocaustum
405 823 466 866 nos
482 803 541 867 tibi
558 824 726 887 praepara
742 823 808 886 per.

666 922 846 1003 Praefatio.

203 1034 255 1098 (b
278 1054 337 1116 per
351 1033 510 1099 christum
527 1035 700 1098 dominum
718 1045 875 1099 nostrum.
921 1034 1025 1099 Cuius
1040 1033 1217 1096 clementia
1232 1028 1355 1094 aeccle-

155 1118 243 1183 siam
259 1122 421 1204 sanguine
436 1142 497 1185 suo
514 1123 719 1205 redemptam
736 1142 867 1205 semper
883 1123 1039 1204 dignetur
1052 1121 1244 1203 gubernare.
1256 1128 1356 1197 atque

156 1208 265 1271 sancti
292 1207 459 1272 barnabae
483 1209 625 1291 apostoli
662 1208 827 1291 suffragiis
853 1210 1074 1271 corroborare.
1101 1209 1294 1286 Prestetque
1320 1217 1356 1264 ut

156 1314 343 1376 numquam
360 1296 506 1377 patiatur
520 1297 659 1359 ruinam.
676 1316 762 1378 quae
778 1296 968 1377 apostolicis
984 1295 1141 1359 doctrinis
1154 1315 1189 1357 se
1198 1292 1357 1375 gloriatur

157 1380 343 1446 fundatam.
360 1402 418 1465 per
433 1402 541 1464 quern.

608 1502 670 1565 Ad
680 1501 904 1583 couplendum.

205 1611 305 1696 Quod
322 1614 365 1677 de
379 1613 475 1677 altari
491 1623 549 1677 tuo
565 1614 700 1677 domine
724 1615 926 1696 sumpsimus
941 1634 1073 1695 semper
1088 1612 1182 1675 nobis
1198 1609 1357 1693 proficiat.

156 1708 196 1765 et
221 1702 429 1783 supplicante
455 1711 571 1764 sancto
597 1701 750 1782 apostolo
774 1701 922 1764 barnaba
948 1712 1026 1764 ante
1050 1700 1206 1763 thronum
1233 1697 1357 1780 gloriae

154 1798 240 1851 tuae
255 1790 398 1869 gaudere
414 1788 521 1852 faciat.
537 1808 596 1872 per
611 1789 793 1851 dominum.

637 1908 700 1971 Ad
710 1919 886 1989 uesperum.

207 2020 300 2083 Deus
312 2021 368 2103 qui
379 2021 569 2084 uniuersum
582 2020 696 2084 orbern
707 2019 867 2103 apostolis
878 2020 1096 2083 imbuendum
1109 2019 1357 2082 commendasti.

154 2106 214 2171 sac
239 2126 300 2169 nos
325 2107 414 2170 beati
445 2108 592 2186 barnabe
622 2106 766 2191 apostoli
796 2106 856 2170 tibi
883 2107 1109 2169 commendari
1136 2105 1308 2186 suffragiis.
1325 2116 1359 2167 et

156 2194 317 2279 praemiis
332 2195 447 2257 sociari
464 2195 640 2278 perpetuis.
656 2215 716 2278 per
730 2194 904 2258 dominum
921 2203 1080 2257 nostrum.

220 2401 258 2452 11.
283 2388 376 2452 Inus
401 2388 481 2452 luu.
507 2387 665 2450 Narium
689 2388 926 2453 Snucrouuu
952 2387 1141 2451 anumrs
1165 2385 1303 2450 Cusum

553 2476 720 2539 Nanonrs
743 2488 790 2537 ur
814 2474 983 2538 annnu.

207 2585 406 2651 Sanctorum
416 2586 563 2650 basilidis
574 2587 677 2668 cyrini
684 2585 871 2669 lnaboriset
881 2587 1011 2649 nazarii.
1024 2606 1205 2668 quesumus
1218 2582 1274 2669 [lo.
1293 2590 1359 2649 128.

159 2673 298 2738 domine
314 2674 468 2737 natalicia
483 2674 579 2737 nobis
595 2674 710 2736 uotiua
726 2673 966 2756 resplendeant.
984 2682 1018 2736 et
1033 2672 1123 2755 quod
1141 2672 1203 2734 illis
1219 2675 1360 2736 contulit

160 2759 395 2825 excellentiam
412 2760 657 2843 sempiternam.
673 2759 833 2823 lructibus
844 2770 976 2823 nostrae
986 2759 1173 2823 deuotionis
1182 2758 1361 2822 adcrescat.

161 2866 222 2931 per
236 2848 409 2911 dominum
425 2858 583 2912 nostrum.

695 2965 832 3030 Secreta.
901 3034 903 3038 ,

206 3080 271 3143 Pro
285 3088 475 3143 sanctorum
506 3079 662 3143 basilidis.
693 3080 805 3161 cyrini.
837 3080 969 3143 naboris
999 3091 1033 3143 et
1057 3081 1187 3142 nazarii.
1200 3081 1360 3162 sanguine

163 3168 355 3231 uenerando
378 3166 503 3231 hostias
534 3167 593 3230 tibi
628 3167 764 3229 domine
793 3166 1022 3248 sollempniter
1051 3167 1269 3231 immolamus.
1303 3179 1360 3231 tua

162 3254 326 3317 mirabilia
340 3262 581 3337 pertractantes
603 3274 784 3336 perquem
808 3254 882 3316 talis
905 3262 956 3317 est
979 3254 1123 3337 perfecta
1140 3255 1285 3317 uictoria.
1303 3276 1361 3337 per

161 3342 345 3405 dominum.

613 3462 675 3524 Ad
683 3461 907 3545 coarguendum.

205 3572 346 3655 Semper
361 3573 495 3637 domine
516 3583 705 3637 sanctorum
730 3585 912 3657 martyrum
935 3575 1083 3638 basilidis
1098 3576 1210 3655 cyrini.
1227 3577 1359 3640 naboris

161 3670 194 3725 et
210 3661 332 3723 nazarii
348 3659 545 3742 sollempnia
559 3660 771 3725 celebramus.
788 3674 824 3726 ut
840 3683 954 3725 eorum
971 3663 1153 3744 patrocinia
1169 3664 1360 3728 sentiamus,

164 3766 228 3831 per.

263 3960 351 4011 xvu.
377 3947 466 4011 Kar..
492 3946 569 4010 lut.
595 3946 751 4009 Narnia
775 3946 916 4011 Snucrr
942 3946 1030 4011 Urrr
1056 3948 1261 4013 Mnurrms

205 4074 260 4141 Da
274 4075 434 4138 ecclesiae
449 4084 528 4140 tuae
543 4074 678 4138 domine
699 4093 880 4157 quesumus
903 4085 1021 4139 sancto
1044 4076 1115 4140 uito
1137 4077 1361 4143 intercedente

161 4162 303 4247 superbe
319 4182 385 4225 non
408 4182 532 4244 sapere.
549 4161 608 4224 sed
623 4162 683 4225 tibi
704 4161 827 4244 placita
850 4162 1037 4226 humilitate
1053 4163 1219 4245 proficere.
1235 4177 1272 4228 ut
1287 4186 1360 4247 pro·

163 4246 488 4419 fflpgtedisppriciens.
526 4267 756 4331 quaecumque
793 4248 924 4313 natura’
961 4261 1039 4313 sunt
1076 4250 1178 4313 libera
1207 4263 1361 4315 exerceat

587 4455 596 4483 ¹
613 4454 648 4507 So
660 4456 717 4507 MS.
731 4455 770 4505 lor
775 4462 904 4521 protem.

583 4516 596 4551 ¹
612 4524 648 4573 s'o
659 4520 716 4573 MS.
730 4521 889 4572 formatura.
