3038 5106
353 339 444 391 DOM.
464 340 545 393 XIII.
566 341 662 391 POST
681 341 759 391 OCT.
780 341 1064 392 llENTECOSTEN.
1266 353 1313 402 129

566 527 628 591 Ad
637 528 862 609 conplendum.

153 628 345 713 Quesumus
359 631 495 695 domine
510 630 593 693 deus
618 642 737 694 noster.
754 642 790 694 ut
815 653 899 713 quos
924 632 1046 695 diuinis
1063 651 1215 714 reparare
1242 650 1308 691 non

108 717 234 780 desinis
263 720 486 781 sacramentis.
512 719 578 781 tuis
603 739 669 781 non
696 719 857 782 destituas
887 721 1051 801 benignus
1081 718 1221 781 auxiliis.
1251 738 1309 799 per

108 806 293 868 dominum.

574 924 681 1005 Super
688 925 849 1005 populum.

156 1026 288 1089 Fideles
318 1037 393 1091 tuos
424 1027 559 1089 domine
588 1048 768 1108 quesumus
798 1049 934 1110 corpore
974 1030 1096 1110 pariter
1126 1037 1159 1091 et
1197 1038 1310 1091 mente

109 1112 257 1195 purifica.
288 1124 325 1176 ut
355 1125 412 1176 tua
443 1115 657 1197 inspiratione
691 1117 879 1196 conpuncti.
918 1118 1038 1177 noxias
1072 1116 1309 1179 delectationes

108 1202 218 1263 uitare
234 1202 454 1282 praeualeant.
471 1215 571 1281 atque
587 1212 624 1264 ut
644 1222 758 1263 eorum
779 1222 845 1264 non
862 1204 1027 1283 accipiant
1056 1202 1225 1265 illecebras
1252 1213 1310 1265 tua

107 1308 245 1369 semper
258 1288 423 1351 suauitate
440 1300 628 1369 pascantur.
645 1310 703 1370 per
715 1289 898 1350 dominum.

265 1488 462 1553 Douuuca
477 1490 558 1553 XII.
576 1504 665 1554 Posr
682 1490 854 1553 Oetaeus
879 1492 1158 1553 I’uuracosrau.

201 1608 425 1692 Omnipotens
440 1612 641 1692 sempiterne
657 1613 739 1674 deus
755 1612 811 1692 qui
831 1611 1061 1673 habundantia
1085 1611 1218 1692 pietatis
1233 1620 1311 1672 tuae

106 1705 146 1759 et
172 1698 290 1759 merita
313 1697 498 1780 supplicum
522 1698 658 1760 excedis
684 1708 718 1760 et
734 1709 821 1761 uota.
848 1699 980 1760 effunde
997 1717 1095 1779 super
1112 1718 1172 1759 nos
1188 1698 1310 1759 miseri-

106 1784 262 1847 cordiam
286 1794 389 1846 tuam.
407 1798 443 1847 ut
470 1785 620 1847 dimittas
647 1805 733 1865 quac
757 1786 960 1847 conscientia
986 1786 1103 1847 metuit
1130 1796 1163 1848 ct
1188 1787 1311 1847 adicias

108 1872 206 1953 quod
223 1872 329 1933 oratio
345 1891 411 1933 non
430 1873 618 1953 praesumit.
636 1894 695 1954 per
710 1872 882 1935 dominum
900 1883 1057 1933 nostrum.

646 2007 782 2071 Secreta.

160 2110 303 2193 Respice
340 2109 476 2173 domine
515 2132 695 2193 quesumus
729 2122 876 2175 nostram
914 2112 1076 2193 propitius
1110 2112 1312 2173 seruitutem.

111 2198 167 2279 f'ut
183 2199 273 2279 quod
296 2198 464 2261 offerimus
480 2200 524 2261 sit
547 2198 606 2261 tibi
632 2220 751 2262 munus
770 2212 953 2281 acceptum.
972 2202 1013 2260 sit
1038 2210 1170 2260 nostrae
1190 2197 1245 2279 [so.
1262 2214 1313 2275 93.

111 2284 304 2367 fragilitatis
319 2286 512 2349 subsidium.
530 2306 598 2368 per.

621 2423 801 2502 Praefatae.

159 2524 211 2589 (I)
234 2534 366 2589 aeterne
389 2526 479 2589 deus.
539 2525 606 2608 Qui
632 2547 692 2588 nos
723 2528 917 2607 castigando
944 2548 1042 2589 sanas
1068 2535 1103 2589 et
1134 2524 1314 2587 rcloueodo

111 2612 279 2693 benignus
303 2614 420 2676 erudis.
452 2614 529 2675 dunt
564 2615 670 2695 magis
700 2615 750 2675 uis
781 2616 891 2676 saluos
917 2635 990 2675 csse
1018 2624 1183 2677 correctos
1213 2631 1312 2692 quam

113 2698 222 2783 perire
237 2699 415 2782 neglectos.
433 2721 492 2783 per
508 2700 676 2763 christum.

562 2838 625 2900 Ad
636 2838 859 2918 contruendam.

159 2938 352 3003 Sentiamus
389 2940 524 3004 domine
562 2961 741 3021 quesumus
778 2943 825 3003 tui
865 2943 1078 3023 perceptione
1116 2940 1313 3003 sacramenti

114 3024 300 3089 subsidium
332 3029 454 3089 mentis
480 3039 514 3090 et
539 3030 692 3109 corporis.
725 3040 760 3090 ut
793 3030 992 3108 iu'utroque
1019 3029 1137 3091 saluati
1165 3027 1315 3090 caelestis

114 3114 253 3177 remedii
269 3114 476 3197 plenitudine
492 3114 676 3197 gloriemur.
695 3136 753 3197 per
768 3116 942 3177 dominum
959 3127 1118 3179 nostrum.

577 3250 852 3332 Saperpopulrrm.

157 3354 269 3418 Tuere
283 3353 419 3416 domine
435 3356 594 3437 populum
614 3366 706 3418 tuum
727 3368 760 3418 et
784 3356 983 3419 salutaribus
1007 3356 1160 3419 remediis
1183 3375 1315 3437 semper

111 3442 275 3592 adiutum.
302 3440 468 3504 beneficiis
490 3441 608 3517 atolle†
628 3444 801 3506 continuis.
824 3458 857 3505 ct
884 3445 1004 3506 mentis
1021 3455 1054 3506 et
1076 3444 1230 3526 corporis.
1256 3464 1314 3524 per

136 3548 298 3593 ominum.

259 3728 456 3793 Dos-usim
473 3728 573 3793 XIII.
592 3740 681 3791 nost
698 3726 869 3792 Oetaeas
887 3728 1168 3791 Paurucosruu.

159 3852 387 3935 Omnipotens
401 3864 436 3916 ct
452 3855 636 3917 misericors
652 3855 734 3917 deus
750 3855 791 3916 de
807 3854 898 3916 cuius
923 3873 1057 3915 munere
1084 3855 1174 3916 uenit
1202 3864 1238 3916 ut
1254 3854 1313 3915 tibi

111 3962 134 4005 a
151 3938 307 4003 fidelibus
327 3940 392 4002 tuis
407 3942 508 4023 digne
523 3952 556 4004 et
580 3941 790 4003 laudabiliter
813 3941 983 4002 seruiatur.
1008 3941 1114 4003 tribue
1134 3962 1314 4022 quesumus

112 4026 215 4091 nobis
244 4037 281 4089 ut
304 4025 346 4088 ad
379 4030 613 4109 promissiones
637 4039 711 4091 tuas
741 4030 811 4091 siue
842 4026 1025 4091 ofsensione
1049 4048 1229 4091 curramus.
1256 4049 1314 4108 per

111 4114 291 4179 dominum
308 4126 468 4179 nostrum.

646 4229 782 4295 Secreta.

161 4332 302 4397 Hostias
339 4354 521 4416 quesumus
559 4334 696 4397 domiue
727 4336 886 4417 propitius
921 4335 1057 4397 intende
1094 4354 1176 4415 quas
1214 4334 1314 4396 sacris

109 4420 276 4487 altaribus
290 4422 476 4485 exibemus.
499 4430 536 4485 ut
552 4420 648 4485 nobis
665 4422 906 4505 indulgentiam
926 4422 1099 4505 largiendo
1115 4432 1173 4484 tuo
1189 4422 1314 4483 nomini

111 4510 201 4573 dent
214 4506 385 4572 honorem.
400 4528 469 4593 per.

157 4596 354 4677 Juureoas.
1159 4609 1186 4658 u
