3038 5106
537 342 586 393 IN
600 343 724 393 COENA
742 342 892 393 DOMINI.

586 543 618 607 A
622 544 649 607 d
658 543 883 625 complendum.

158 656 296 739 Largire
307 657 458 721 sensibus
474 656 595 721 nostris
618 658 830 738 omnipotens
853 656 935 719 deus
959 666 995 720 ut
1018 677 1076 738 per
1098 656 1315 740 temporalem

109 742 172 806 filii
203 746 252 808 tui
283 756 425 810 mortem
455 764 558 826 quam
589 745 748 826 mysteria
778 745 968 807 ueneranda
998 754 1171 808 testantur.
1211 747 1316 808 uitam

111 832 211 895 nobis
226 833 359 896 dedisse
375 842 571 916 perpetuam
588 830 803 894 confidamus.
821 851 879 913 per
894 830 1075 894 dominum.

578 964 687 1046 Super
693 965 859 1045 populum.

159 1078 303 1162 Respice
318 1078 454 1142 domine
469 1098 651 1160 quesumus
663 1098 763 1160 super
777 1077 863 1139 hanc
880 1077 1040 1141 familiam
1057 1087 1159 1141 tuam.
1176 1097 1235 1160 pro
1251 1099 1318 1160 qua

111 1166 270 1229 dominus
302 1177 413 1229 noster
445 1166 531 1228 iesus
562 1165 703 1228 christus
743 1184 808 1226 non
844 1166 1012 1227 dubitauit
1044 1166 1198 1229 manibus
1231 1167 1317 1230 tradi

114 1254 316 1317 nocentium.
332 1265 367 1318 et
382 1254 487 1318 crucis
503 1253 613 1315 subire
626 1262 838 1316 tormentum.
855 1254 911 1333 qui
929 1264 1046 1316 tecum.

459 1462 608 1528 Ounno
633 1477 674 1525 nu
699 1462 831 1527 Coeus
856 1463 1014 1526 Dorum.

162 1606 255 1668 Deus
282 1627 302 1668 a
325 1625 393 1687 quo
425 1614 459 1668 et
485 1604 580 1667 iudas
605 1603 755 1686 proditor
780 1614 889 1665 reatus
912 1603 963 1665 sui
987 1623 1128 1685 poenam
1142 1611 1176 1666 et
1192 1601 1319 1666 conses-

117 1694 219 1755 sionis
259 1713 338 1755 suae
377 1693 462 1755 latro
501 1692 686 1773 proemium
724 1692 874 1772 sumpsit.
920 1691 1065 1753 concede
1110 1692 1206 1753 nobis
1241 1702 1319 1754 tuae

119 1780 363 1861 propitiationis
393 1778 557 1842 effectum.
582 1792 619 1840 ut
642 1780 727 1840 sicut
751 1778 783 1839 in
808 1776 962 1859 passione
985 1798 1045 1839 sua
1068 1778 1154 1840 iesus
1178 1778 1319 1840 christus

118 1869 274 1930 dominus
290 1882 403 1929 noster
417 1867 547 1929 diuersa
564 1866 710 1946 utrisque
727 1865 836 1926 intulit
860 1865 1026 1945 stipendia
1049 1867 1249 1928 meritorum.
1273 1866 1320 1927 ita

120 1956 223 2017 nobis.
261 1954 374 2017 ablato
411 1953 588 2017 uetustatis
626 1972 741 2015 errore.
780 1952 1026 2014 resurrectionis
1064 1972 1143 2014 suae
1177 1952 1319 2032 gratiam

120 2041 285 2124 largiatur.
300 2041 358 2122 qui
374 2052 494 2103 tecum.

653 2148 790 2213 Secreta.

161 2256 257 2339 llpse
276 2256 337 2320 tibi
356 2276 537 2338 quesumus
557 2256 692 2320 domine
712 2263 826 2317 sancte
846 2263 940 2335 pater
963 2255 1175 2336 omnipotens
1198 2252 1253 2339 [so.
1273 2268 1322 2335 59.

119 2344 202 2406 deus
216 2342 413 2407 sacrificium
429 2353 578 2407 nostrum
599 2342 717 2405 reddat
733 2353 915 2422 acceptum.
932 2343 989 2423 qui
1005 2342 1174 2423 discipulis
1198 2344 1264 2405 suis
1288 2344 1320 2405 in

120 2432 169 2494 sui
194 2432 512 2494 commemoratione
535 2430 597 2492 hoc
621 2428 690 2491 fieri
715 2427 876 2491 hodierna
906 2430 1084 2492 traditione
1115 2431 1313 2493 monstrauit

120 2520 208 2581 iesus
222 2518 365 2581 christus
380 2518 536 2580 dominus
552 2527 664 2580 noster

632 2651 812 2732 praefato.

164 2766 215 2830 ff)
232 2784 292 2848 per
306 2764 464 2827 christum
481 2763 655 2826 dominum
672 2774 830 2826 nostrum.
870 2762 980 2845 Quem
997 2765 1030 2826 in
1046 2764 1108 2827 hac
1126 2776 1222 2829 nocte
1238 2767 1324 2829 inter

119 2873 231 2916 sacras
246 2852 382 2934 aepulas
397 2852 632 2932 increpantem.
649 2870 743 2913 mens
758 2851 820 2913 sibi
837 2853 1146 2915 consciatraditoris
1161 2853 1242 2916 ferre
1255 2874 1320 2916 non

120 2941 239 3023 potuit.
279 2938 346 3003 Sed
363 2937 591 3020 apostolorum
608 2937 722 3000 relicto
738 2940 905 3000 consortio
928 2941 1098 3020 sanguinis
1122 2942 1285 3020 praetium
1302 2961 1322 3003 a

120 3028 249 3089 iudaeis
289 3026 424 3107 accepit
456 3034 492 3087 ut
523 3026 627 3087 uitam
658 3026 811 3106 perderet
833 3045 933 3106 quam
958 3027 1120 3089 distraxit.
1160 3026 1323 3090 Caenauit

121 3114 223 3195 igitur
237 3112 336 3175 hodie
352 3113 501 3194 proditor
518 3120 657 3174 mortem
674 3132 776 3174 suam.
800 3122 834 3175 et
857 3113 1000 3175 cruentis
1025 3114 1177 3175 manibus
1200 3134 1321 3195 panem

119 3202 164 3263 de
189 3220 290 3263 manu
316 3199 491 3262 saluatoris
511 3198 662 3261 exiturus
678 3199 812 3281 accepit.
836 3210 873 3262 ut
896 3201 1083 3281 saginatum
1107 3201 1194 3281 cybo
1218 3203 1323 3263 maior

121 3308 231 3370 poena
254 3288 501 3367 constringeret.
524 3305 623 3366 quem
641 3306 701 3348 nec
723 3288 842 3348 sacrati
867 3287 942 3367 cybi
966 3287 1111 3349 conlatio
1134 3288 1177 3349 ab
1200 3289 1323 3351 scelere

122 3384 300 3438 reuocaret.
347 3374 474 3435 Patitur
499 3373 611 3454 itaque
633 3372 788 3435 dominus
812 3386 924 3435 noster
955 3374 1042 3435 iesus
1071 3374 1212 3437 christus
1237 3375 1323 3438 filius

122 3474 200 3524 tuus
230 3481 305 3525 cum
338 3460 434 3522 hoste
466 3460 685 3521 nouissimum
716 3461 897 3541 parcipare¹
925 3461 1124 3523 conuiuium.
1150 3482 1322 3543 aquoso

123 3558 263 3611 nouerat
285 3548 444 3611 continuo
468 3567 540 3609 esse
565 3548 772 3610 tradendum.
820 3548 869 3611 Ut
895 3548 1089 3630 exemplum
1116 3549 1324 3611 innocentiae

123 3636 251 3698 mundo
266 3633 471 3714 relinqueret.
487 3645 520 3695 et
537 3635 724 3714 passionem
750 3654 842 3695 suam
868 3654 927 3715 pro
950 3635 1070 3696 saeculi
1095 3637 1323 3717 redemptione

124 3722 300 3804 suppleret
348 3722 459 3784 Pascit
476 3721 575 3801 igitur
600 3721 690 3782 mitis
706 3720 788 3783 deus
802 3719 972 3794 inmitaml
988 3723 1108 3784 iudam.
1126 3733 1160 3784 et
1182 3724 1323 3786 sustinet

123 3810 199 3891 pius
214 3806 380 3871 crudelem
397 3808 581 3870 conuiuam.
629 3806 695 3889 Qui
713 3809 830 3870 merito
846 3807 965 3889 laqueo
981 3829 1041 3870 suo
1057 3810 1221 3889 periturus
1244 3822 1321 3872 erat.

123 3896 270 3977 quiade
296 3895 445 3977 magistri
469 3894 631 3975 sanguine
654 3895 826 3975 cogitarat.
872 3894 903 3957 O
931 3897 1103 3958 dominum
1130 3917 1188 3977 per
1210 3899 1324 3959 omnia

124 3984 316 4065 patientem.
362 3980 394 4046 Ο
418 4000 543 4064 agnum
568 3982 654 4042 inter
675 4001 752 4043 suas
775 3981 910 4063 aepulas
934 3983 1057 4045 mitem.
1105 3983 1236 4064 Cybum
1255 3986 1323 4046 eius

125 4070 221 4133 iudas
236 4070 269 4132 in
280 4078 342 4133 'ore
357 4066 491 4133 serebat.
507 4079 541 4130 et
557 4067 676 4149 quibus
692 4087 768 4131 eum
784 4068 929 4131 traderet
960 4079 1186 4150 persecutores
1203 4070 1325 4133 aduoc-

125 4157 213 4221 abat
243 4156 300 4219 sed
332 4154 419 4219 filius
448 4165 525 4218 tuus
555 4156 710 4217 dominus
741 4165 853 4216 noster
878 4166 1049 4237 tamquam
1075 4158 1130 4238 pia
1155 4156 1264 4220 hostia
1291 4168 1324 4220 et

125 4242 289 4307 immolari
313 4262 349 4305 se
370 4243 431 4307 tibi
454 4262 514 4324 pro
531 4240 625 4304 nobis
641 4242 806 4323 patienter
822 4243 976 4323 permisit.
994 4254 1027 4305 et
1043 4255 1215 4324 peccatum
1233 4247 1323 4326 quod

125 4332 271 4395 mundus
285 4330 505 4395 commiserat.
522 4329 695 4393 relaxauit.
712 4326 786 4411 lper
810 4349 910 4410 quem
935 4331 1145 4394 maiestatem
1169 4331 1226 4414 [so.
1253 4346 1322 4415 59r.

125 4428 228 4481 tuam

595 4528 604 4565 ¹
621 4536 671 4585 For
676 4536 838 4601 participare.
