3038 5106
170 336 217 398 196
287 336 362 385 17111.
389 336 440 385 ID.
467 335 553 386 AUG.
580 334 667 385 ΝΑΤ.
692 335 739 386 SS.
764 336 998 387 FELICISSIMI
1016 336 1076 387 Er
1093 338 1264 390 AGAPITI.

166 506 253 569 quae
267 487 371 549 oculis
385 494 462 549 tuae
473 486 656 549 maiestatis
665 488 698 549 in
710 487 782 550 elus
791 489 1107 552 commemoratione
1122 486 1196 573 lde·
1206 488 1266 573 [so.
1282 508 1369 571 14ov.

168 574 309 635 serimus.
358 574 428 634 eius
469 584 608 655 optentu
648 574 803 637 uitiorum
842 574 1051 657 squaloribus
1087 597 1274 640 careamus
1314 601 1369 662 per

167 660 324 724 christum
341 660 513 722 dominum
531 672 690 723 nostrum.

618 805 680 867 Ad
689 806 914 888 cataplendum.

211 917 343 978 Praesta
359 937 538 997 quesumus
552 919 764 999 omnipotens
779 919 861 982 deus
877 930 913 983 ut
928 921 1018 1002 quod
1034 932 1147 983 nostra
1163 924 1369 987 conscientia

165 1023 231 1065 non
248 1006 436 1085 praesumit.
451 1006 522 1066 cius
537 1006 593 1085 qui
610 1006 668 1067 tibi
679 1004 819 1068 fideliter
833 1008 968 1070 seruiuit
984 1008 1225 1071 interueniente
1241 1012 1369 1074 auxilio

166 1092 321 1171 consequi
339 1111 530 1153 mereamur.
548 1112 606 1174 per
621 1092 803 1155 dominum.

253 1307 328 1356 vul.
366 1293 919 1358 11›esnu‹r‚.N.u·.-n,uSascn
945 1294 1063 1357 ern
1089 1296 1277 1360 Emscoer.

209 1424 300 1485 Deus
316 1425 372 1503 qui
400 1424 562 1504 conspicis
579 1424 657 1504 quia
681 1445 725 1486 ex
751 1423 840 1485 nulla
866 1434 979 1486 nostra
995 1426 1116 1486 uirtute
1140 1426 1364 1488 subsistimus.

164 1511 308 1572 concede
341 1512 510 1592 propitius.
543 1521 578 1572 ut
617 1511 850 1572 intercessione
881 1511 969 1572 beati
1001 1512 1093 1593 syxti
1126 1515 1288 1594 martyris
1319 1515 1365 1576 tui

163 1608 263 1677 atque
279 1597 451 1678 pontificis.
469 1608 583 1659 contra
606 1598 718 1659 omnia
741 1600 880 1659 aduersa
901 1598 1096 1660 muniamur.
1113 1620 1172 1680 per
1187 1601 1366 1662 dominum

164 1696 320 1746 nostrum.

692 1811 827 1875 Secreta.

205 1923 380 1987 Sacrificiis
404 1925 632 2006 praesentibus
656 1925 791 1986 domine
816 1925 950 1987 intende
974 1925 1131 2007 placatus.
1149 1938 1187 1990 ut
1211 1936 1245 1989 et
1262 1929 1365 1990 deuo·

161 2010 268 2081 tionel
285 2024 415 2073 nostrae
431 2010 604 2093 proficiant
621 2022 654 2073 ct
669 2011 775 2073 saluti.
792 2032 857 2093 per.

665 2147 845 2227 Praefatae.

204 2260 253 2322 (t)
271 2269 404 2320 aeterne
423 2261 513 2322 deus,
559 2260 604 2321 Et
628 2262 802 2342 praecipue
830 2262 863 2322 in
888 2261 942 2323 die
968 2259 1156 2324 sestiuitatis
1178 2262 1363 2327 hodiernae

159 2366 225 2426 qua
249 2347 365 2408 beatus
398 2357 518 2427 syxtus
549 2348 670 2428 pariter
700 2349 853 2409 sacerdos
885 2359 918 2410 et
946 2359 1071 2429 martyr
1101 2348 1266 2412 deuotum
1301 2352 1360 2414 tibi

158 2434 352 2513 sanguinem
370 2433 560 2495 exultanter
575 2434 700 2496 effudit.
747 2434 812 2515 Qui
836 2434 879 2496 ad
895 2435 1035 2496 eandem
1052 2435 1193 2516 gloriam
1211 2457 1360 2517 promer-

157 2523 278 2581 endam
296 2522 465 2582 doctrinue
481 2540 559 2582 suae
576 2520 659 2583 filios
670 2521 828 2583 incitauit.
875 2522 920 2584 Et
932 2542 1015 2602 quos
1024 2522 1197 2586 erudiebat
1213 2523 1362 2589 hortatu.

157 2607 391 2688 praeueniebat
408 2607 573 2688 exemplo.
590 2628 648 2689 per
668 2607 834 2670 christum.

611 2752 792 2815 Bemdiclio
808 2774 896 2815 terrac.

201 2866 292 2926 lutra
322 2885 462 2944 quorum
495 2886 554 2925 nos
592 2867 794 2927 consortium
827 2885 891 2927 non
923 2866 1116 2928 aestimator
1147 2869 1264 2930 meriti.
1296 2872 1357 2932 sed

156 2954 271 3013 ueniae
287 2972 466 3031 quesumus
484 2952 619 3032 largitor
634 2953 781 3013 admitte.
800 2972 857 3033 per
873 2954 1044 3013 dominum
1062 2966 1221 3016 nostruin.

716 3096 806 3159 Item.

200 3208 343 3269 lienedic
368 3208 503 3269 domiue
526 3218 559 3269 et
584 3207 643 3269 hos
666 3207 788 3270 fructus
813 3229 917 3270 nouos
941 3230 1025 3271 uuae
1050 3229 1133 3290 quos
1155 3220 1191 3271 tu
1217 3211 1357 3274 domine

154 3316 213 3375 per
229 3315 333 3356 rorem
351 3294 431 3355 caeli
449 3305 481 3355 et
498 3295 726 3356 inundantiam
751 3295 936 3377 pluuiarum
961 3307 993 3357 ct
1015 3306 1203 3376 temporum
1231 3302 1357 3360 sereni-

155 3391 222 3443 tate
246 3400 345 3461 atque
368 3381 606 3460 tranquillitate
622 3384 662 3443 ad
678 3384 900 3443 maturitatem
927 3384 1103 3463 perducere
1120 3383 1305 3464 dignatusl
1321 3398 1357 3448 et

156 3469 275 3531 dedisti
301 3489 339 3529 ea
370 3469 411 3529 ad
444 3488 521 3529 usus
547 3479 676 3530 nostros
702 3490 776 3529 cum
808 3471 987 3549 gratiarum
1019 3471 1149 3530 actione
1181 3474 1356 3553 percipere

156 3556 187 3616 in
212 3556 344 3616 nominc
360 3556 485 3616 domini
503 3557 605 3615 nostri
623 3556 690 3616 iesu
708 3555 826 3617 christi.
845 3577 1014 3636 perquem
1033 3557 1112 3617 llaec
1130 3560 1253 3620 omnia.

603 3693 664 3753 Ad
675 3693 900 3773 conplendnm.

197 3805 346 3886 ll'raesta
362 3824 541 3884 quesumus
558 3805 691 3866 domine
707 3806 788 3866 deus
804 3815 922 3867 noster.
940 3816 976 3867 ut
987 3807 1078 3867 culus
1090 3806 1185 3867 nobis
1202 3806 1260 3887 [so.
1283 3825 1354 3885 141.

154 3890 333 3953 sestiuitate
350 3892 461 3953 uotiua
478 3902 554 3953 sunt
570 3902 784 3953 sacramenta.
801 3894 870 3954 cius
893 3893 1049 3954 salutaria
1074 3892 1169 3954 nobis
1195 3895 1355 3956 interces-

152 3979 244 4039 sione
261 3979 446 4040 reddantur.
464 3999 521 4058 per
536 3979 708 4040 dominum
727 3990 884 4040 nostrum.

153 4196 290 4258 Eunt-:u
316 4197 387 4259 Dns
413 4196 568 4258 Nantua
593 4196 827 4261 Saucroauu
854 4199 1080 4262 Fencnsmt
1108 4212 1153 4259 ur
1177 4197 1352 4260 Aonium.

195 4328 287 4389 Deus
309 4326 364 4406 qui
390 4346 450 4387 nos
473 4325 626 4387 concedis
650 4337 838 4389 sanctorum
863 4339 1045 4408 martyrum
1072 4338 1202 4389 tuorum
1230 4325 1353 4387 felicis·

150 4415 224 4475 simi
250 4423 282 4475 et
298 4414 423 4494 agapiti
447 4411 600 4474 natalicia
623 4412 736 4475 colere.
753 4416 797 4475 da
821 4414 916 4476 nobis
942 4415 974 4476 in
1002 4424 1136 4476 aeterna
1162 4414 1289 4475 laetitia
1303 4413 1351 4475 de

149 4520 262 4562 eorum
280 4500 438 4562 societate
454 4500 605 4579 gaudere.
619 4519 677 4581 per
692 4500 876 4561 dominum.
