3038 5106
207 310 239 359 86
440 310 521 359 FER.
549 308 617 359 ΙΙΙΙ.
646 309 742 360 POST
761 308 851 359 DOM.
880 307 929 359 IN
948 307 1038 357 RAM.
1065 306 1178 357 PALM.

740 475 876 541 Secreta.

254 590 421 656 Sacrificia
446 612 507 654 nos
532 611 712 673 quesumus
739 590 875 652 domine
901 588 1096 671 propensius
1120 596 1316 651 restaurent.
1343 608 1412 670 que

209 680 460 742 medicinalibus
476 690 554 742 sunt
570 679 721 741 instituta
733 678 870 740 ieiuniis.
886 698 952 759 per.

720 811 902 892 Praefatio.

253 926 302 989 (θ
319 944 377 1006 per
392 922 550 986 christum
564 923 737 988 dominum
751 933 911 986 nostrum.
951 922 1054 987 Cuius
1066 920 1233 1000 salutifere
1244 923 1413 1005 passionis

208 1023 243 1074 et
273 1012 436 1093 gloriosae
467 1012 710 1073 resurrectionis
737 1010 808 1072 dies
838 1010 1104 1091 adpropinquare
1131 1021 1322 1073 noscuntur.
1370 1011 1411 1073 ln

208 1100 328 1180 quibus
344 1108 378 1160 et
393 1098 519 1178 antiqui
532 1097 636 1160 hostis
652 1097 805 1178 superbia
821 1096 1051 1178 triumphatur.
1065 1107 1099 1160 et
1111 1106 1243 1160 nostrae
1255 1098 1411 1179 redemp-

208 1187 308 1249 tionis
325 1186 518 1266 mysterium
535 1184 746 1248 caelebratur.
793 1183 894 1247 Unde
915 1185 1082 1266 poscimus
1105 1194 1197 1246 tuam
1221 1184 1409 1263 inmensam

208 1273 428 1335 clementiam.
446 1280 481 1333 ut
497 1273 582 1334 sicut
598 1273 629 1334 in
647 1291 686 1333 eo
702 1269 773 1333 solo
789 1272 939 1333 consistit
955 1271 1056 1333 totius
1073 1281 1203 1332 nostrae
1215 1270 1411 1346 saluationis

209 1380 348 1421 summa.
376 1360 421 1420 ita
446 1379 503 1440 per
526 1379 601 1421 eum
627 1360 686 1421 tibi
713 1359 756 1420 sit
782 1358 976 1420 ieiuniorum
1001 1366 1035 1420 et
1059 1367 1193 1419 actuum
1219 1367 1409 1421 nostrorum

208 1467 340 1528 semper
355 1447 491 1509 uictima
506 1456 608 1527 grata.
626 1464 798 1528 perquem
816 1444 1024 1507 maiestatem
1041 1453 1142 1507 tuam.

662 1581 725 1644 Ad
735 1580 960 1661 complendum.

203 1765 207 1772 ,
254 1693 577 1757 Sanctificationibus
615 1694 678 1756 tuis
716 1695 928 1775 omnipotens
965 1693 1047 1755 deus
1090 1703 1124 1755 ct
1170 1693 1252 1756 uitia
1297 1704 1409 1759 nostra

209 1791 369 1845 curentur.
386 1793 420 1844 et
436 1782 582 1845 remedia
598 1782 692 1843 nobis
708 1783 908 1862 sempiterna
925 1780 1129 1863 proueniant.
1147 1800 1213 1863 per.

743 1916 805 1977 Ad
811 1918 867 1978 cci-¹

253 2029 327 2091 Tua
344 2049 404 2090 nos
421 2028 643 2091 misericordia
656 2029 739 2091 deus
761 2036 794 2089 et
817 2028 860 2091 ab
881 2027 972 2089 omni
996 2028 1209 2109 subreptione
1233 2030 1409 2092 uetustatis

208 2128 381 2197 expurget.
412 2126 445 2177 et
475 2135 613 2197 capaces
640 2124 775 2177 sanctae
802 2115 960 2177 nouitatis
990 2113 1119 2179 efficiat.
1149 2136 1209 2197 per
1234 2117 1408 2178 dominum

211 2216 369 2265 nostrum.

697 2340 816 2402 Fanni
841 2338 924 2401 ΙΙΙΙ.

255 2458 389 2519 Praesta
404 2476 584 2538 quesumus
600 2458 813 2538 omnipotens
829 2459 911 2518 deus
934 2463 972 2516 ut
1001 2456 1058 2537 qui
1072 2457 1192 2520 nostris
1215 2457 1409 2520 excessibus

211 2544 413 2606 incessanter
439 2544 628 2627 affligimur.
656 2564 714 2626 per
745 2543 907 2625 unigeniti
932 2543 981 2605 tui
1009 2545 1200 2626 passionem
1227 2543 1411 2607 liberemur.

210 2653 269 2712 per
284 2633 435 2694 eundem.

732 2744 883 2808 Sectam

257 2856 349 2918 Deus
379 2856 435 2937 qui
466 2876 525 2936 pro
557 2856 651 2918 nobis
682 2854 786 2918 filium
821 2865 915 2918 tuum
947 2855 1050 2918 crucis
1081 2854 1266 2936 patibulum
1301 2855 1411 2918 subire

214 2944 355 3005 uoluisti.
372 2955 407 3004 ut
424 2944 546 3004 inimici
564 2964 583 3004 a
599 2944 693 3005 nobis
710 2943 894 3024 expelleres
912 2953 1120 3025 potestatem.
1145 2943 1289 3005 concede
1313 2944 1410 3005 nobis

213 3029 344 3091 samulis
361 3031 426 3092 tuis
443 3040 477 3091 ut
495 3031 739 3092 resurrectionis
752 3029 893 3110 gratiam
910 3050 1158 3110 consequamur.
1175 3049 1233 3110 per
1255 3029 1409 3091 eundem.

259 3116 396 3178 Purifica
414 3137 473 3178 nos
491 3117 673 3178 misericors
686 3118 767 3179 deus
784 3127 820 3179 ut
830 3116 1007 3179 aecclesiae
1019 3116 1110 3197 (tuae
1122 3135 1255 3197 praeces
1268 3115 1325 3196 [so.
1340 3118 1410 3194 58v.

213 3224 299 3283 cquae
316 3203 374 3265 tibi
392 3213 505 3283 gratae
523 3214 599 3265 sunt
623 3204 678 3286 pia
694 3224 831 3266 munera
847 3203 1041 3266 deferentes.
1059 3200 1140 3265 fiant
1156 3203 1302 3283 expiatis
1319 3223 1411 3265 men-

212 3291 300 3352 tibus
316 3291 486 3370 gratiores
503 3311 568 3372 per.

723 3402 904 3482 Praefatio.

257 3516 306 3577 (D
323 3534 381 3594 per
392 3513 550 3575 christum
568 3513 739 3575 dominum
758 3524 917 3576 nostrum.
963 3512 1028 3595 Qui
1046 3513 1205 3574 innocens
1221 3534 1281 3593 pro
1298 3511 1409 3595 impiis

212 3602 318 3664 uoluit
334 3602 413 3683 pati.
431 3611 463 3662 et
480 3621 539 3681 pro
555 3600 722 3662 sceleratis
733 3600 900 3663 indebitae
916 3601 1162 3680 condempnari.
1202 3599 1303 3663 Cuius
1321 3621 1410 3663 mors

213 3690 333 3751 delicta
373 3697 485 3749 nostra
526 3688 669 3749 detersit.
708 3697 742 3749 et
780 3687 973 3749 resurrectio
1007 3685 1274 3749 iustificationem
1312 3687 1410 3750 nobis

212 3775 372 3838 exhibuit.
420 3774 481 3836 Per
495 3794 594 3854 quem
613 3784 703 3835 tuam
721 3775 880 3854 pietatem
903 3773 1068 3856 supplices
1092 3794 1278 3835 exoramus.
1303 3783 1339 3836 ut
1362 3776 1409 3836 sic

213 3884 272 3924 nos
304 3862 402 3924 hodie
440 3882 460 3922 a
497 3862 640 3942 peccatis
679 3861 855 3923 emacules.
892 3872 929 3923 ut
959 3881 1030 3922 cras
1061 3861 1257 3923 uenerabilis
1287 3881 1410 3923 caenae

213 3949 353 4031 dapibus
402 3949 510 4009 saties,
580 3947 691 4009 Hodie
738 3949 881 4029 accipias
930 3947 1170 4009 consessionem
1220 3958 1409 4010 nostrorum

212 4035 449 4119 peccaminum.
478 4046 511 4097 ct
535 4055 607 4095 cras
630 4034 755 4096 tribuas
782 4034 977 4116 spiritalium
1006 4035 1209 4096 incrementa
1234 4033 1407 4097 donorum.

214 4123 326 4187 Hodie
349 4123 543 4184 ieiuniorum
568 4131 753 4183 nostrorum
780 4132 858 4184 uota
885 4121 1052 4203 suscipias
1080 4130 1113 4183 et
1140 4141 1211 4183 cras
1235 4122 1277 4183 ad
1303 4142 1410 4184 sacra-

212 4212 358 4273 tissimae
374 4229 496 4271 caenae
512 4209 701 4270 conuiuium
719 4210 916 4271 introducas.
933 4229 992 4290 per
1006 4228 1115 4288 quern.

245 4370 252 4401 ¹
271 4372 305 4419 So
317 4370 341 4419 in
356 4370 411 4420 MS.
425 4370 459 4434 by
470 4385 537 4418 error
548 4368 585 4418 ior
597 4370 680 4432 Super
685 4370 814 4433 populum.

243 4438 254 4469 ²
271 4437 332 4485 This
343 4435 451 4498 heading
462 4434 483 4483 is
494 4435 616 4499 probably
624 4435 759 4499 misplaced
768 4434 793 4483 in
806 4435 848 4484 the
861 4434 916 4484 MS.
929 4434 1053 4498 Deusqui
1064 4441 1114 4500 pro
1124 4432 1192 4482 nolis
1204 4432 1277 4497 being
1289 4450 1304 4483 a
1315 4436 1408 4485 second

211 4504 232 4553 C
243 4504 306 4551 ›llect
318 4502 368 4550 and
381 4500 492 4564 Pun'fica
501 4517 544 4549 rios
555 4501 597 4550 the
608 4502 689 4550 actual
701 4500 794 4551 Secret.
