3038 5106
568 334 679 384 MISSA
699 334 774 385 PRO
795 334 931 385 DEUOT
930 334 957 385 0.
1311 345 1359 401 253

152 482 298 550 defleam
320 494 356 549 et
378 484 411 547 in
430 484 647 567 postmodum
671 504 738 547 non
766 484 951 548 admittam.
968 493 1092 547 etcum
1110 484 1191 547 mihi
1205 494 1358 548 extrema

153 571 228 636 dies
257 570 398 655 finisque
427 571 517 635 uitae
546 572 727 635 aduenerit
754 571 942 635 emundatis
972 570 1101 634 delictis
1125 571 1280 635 omnibus
1305 592 1358 635 me

153 658 295 742 angelus
310 658 497 723 sanctitatis
514 658 679 743 suscipiat.
697 679 755 742 per
770 658 952 722 dominum.

714 824 805 887 Alia.

202 952 426 1016 Deuotionem
444 973 552 1017 meam
569 954 725 1017 dominus
748 952 926 1034 dignanter
941 953 1101 1016 intendat.
1118 964 1151 1016 et
1166 954 1357 1017 diuturnam

154 1041 261 1105 uitam
288 1040 367 1103 mihi
393 1060 468 1103 cum
493 1040 733 1122 tranquillitate
760 1041 929 1103 concedat.
946 1040 1078 1121 taleque
1105 1040 1184 1102 mihi
1209 1042 1241 1103 in
1266 1062 1358 1123 prae·

156 1127 243 1190 senti
259 1127 391 1190 saeculo
407 1128 539 1190 tribuat.
555 1137 592 1190 ut
608 1125 744 1209 padysii
760 1147 813 1189 me
824 1127 855 1188 in
867 1126 976 1189 suturo
992 1127 1212 1190 habitatorem
1229 1127 1358 1190 efficiat.

157 1223 192 1278 et
223 1214 270 1278 ita
300 1234 356 1276 cor
386 1234 497 1277 meum
528 1213 757 1277 benedicendo
787 1212 979 1276 sanctificet.
1011 1224 1047 1277 ut
1079 1234 1208 1278 mecum
1240 1214 1358 1296 iugiter

157 1300 309 1365 habitare
324 1301 474 1364 delectet.
491 1322 549 1383 per
564 1301 746 1363 dominum.

558 1552 676 1615 Mrssa
700 1564 771 1614 ruo
796 1551 964 1616 Deuoro.

203 1696 295 1761 Deus
318 1697 374 1779 qui
400 1696 556 1761 iustificas
583 1698 721 1780 impium
750 1709 784 1760 et
812 1718 877 1759 non
905 1699 954 1760 uis
980 1708 1120 1760 mortem
1139 1709 1359 1780 peccatorum.

157 1785 368 1848 maiestatem
385 1794 476 1847 tuam
493 1785 686 1867 suppliciter
708 1785 953 1866 depraecamur.
970 1794 1006 1847 ut
1030 1785 1190 1848 famulum
1207 1796 1300 1848 tuum
1318 1788 1360 1849 de

156 1880 217 1935 tua
227 1871 449 1934 misericordia
459 1870 691 1934 confidentem.
702 1872 834 1934 caelesti
846 1882 1001 1954 protegas
1012 1870 1188 1953 lbenignus
1199 1872 1254 1954 [fo.
1271 1876 1306 1935 18
1311 1890 1358 1952 3r.

157 1958 294 2021 auxilio.
306 1968 340 2021 et
349 1958 483 2020 assidua
498 1959 704 2040 protectione
720 1979 903 2021 conserues.
916 1970 952 2021 ut
969 1958 1027 2021 tibi
1041 1960 1160 2040 iugiter
1176 1959 1361 2023 famuletur.

154 2053 193 2108 et
208 2046 306 2108 nullis
322 2045 596 2127 temptationibus
612 2065 632 2107 a
647 2055 681 2107 te
696 2056 873 2127 separetur.
891 2065 948 2128 per
964 2046 1136 2108 dominum
1154 2058 1312 2109 nostruin.

689 2199 825 2275 Secreta.

205 2330 314 2393 Huius
337 2348 516 2410 quesumus
542 2329 678 2391 domine
702 2329 824 2392 uirtute
851 2329 1007 2410 mysterii.
1030 2337 1063 2392 et
1090 2349 1110 2391 a
1135 2331 1273 2412 propriis
1301 2351 1361 2393 nos

159 2416 286 2480 munda
315 2415 451 2478 delictis.
483 2425 516 2477 et
547 2414 707 2478 famulum
738 2425 841 2479 tuum.
878 2416 918 2477 N.
957 2415 1000 2478 ab
1033 2417 1188 2479 omnibus
1226 2416 1361 2480 absolue

157 2504 313 2586 peccatis
330 2522 388 2584 per
403 2502 575 2564 dominum
593 2512 750 2565 nostrum.

670 2655 853 2735 Praefatio.

205 2786 256 2849 tt)
288 2793 421 2848 aeterne
451 2785 540 2847 deus
587 2782 653 2865 Qui
685 2805 720 2847 es
751 2785 909 2846 iustorum
941 2783 1046 2865 gloria
1075 2795 1109 2846 et
1140 2785 1362 2847 misericordia

159 2881 381 2957 peccatorum.
420 2872 578 2954 pietatem
625 2874 716 2934 tuam
762 2871 877 2933 humili
915 2891 1032 2952 praece
1069 2871 1287 2953 deposcimus.
1327 2885 1362 2935 ut

161 2958 322 3022 famulum
339 2969 441 3021 tuum.
465 2958 507 3020 N.
535 2959 697 3040 benignus
715 2958 877 3039 respicias.
890 2967 924 3020 et
936 2958 1068 3039 pietatis
1085 2969 1161 3021 tuae
1176 2958 1360 3021 custodiam

162 3047 345 3128 impendas.
392 3045 441 3108 Ut
464 3066 507 3108 ex
532 3055 604 3108 toto
628 3047 726 3108 corde
749 3056 782 3106 et
801 3065 846 3107 ex
863 3054 934 3107 tota
957 3055 1069 3107 mente
1092 3045 1151 3107 tibi
1175 3046 1305 3108 seruiat.
1330 3060 1361 3108 ct

159 3134 224 3197 sub
243 3143 300 3195 tua
321 3152 452 3213 semper
469 3133 675 3214 protectione
691 3133 859 3194 consistat.
876 3141 911 3193 ut
928 3132 1063 3212 quando
1078 3132 1107 3193 ei
1124 3142 1275 3194 extrema
1292 3135 1362 3196 dies

161 3219 342 3283 aduenerit.
358 3219 550 3281 societatem
574 3219 723 3281 omnium
748 3229 938 3280 sanctorum
964 3219 1131 3300 percipiat.
1148 3239 1222 3281 curn
1245 3221 1363 3300 quibus

161 3305 414 3370 inenarrabilem
432 3304 570 3387 gloriam
588 3306 658 3368 sine
675 3304 740 3368 fine
756 3306 923 3388 percipiat.
941 3326 1000 3387 per
1015 3305 1173 3368 christum
1190 3307 1361 3369 dominum

160 3404 320 3457 nostrum.

616 3528 678 3590 Ad
688 3528 913 3609 complendum.

208 3657 383 3721 Purificent
399 3678 459 3720 nos
483 3658 618 3719 domine
643 3668 850 3719 sacramenta
875 3677 959 3738 quae
983 3657 1192 3739 sumpsimus.
1209 3667 1242 3719 ct
1259 3657 1362 3720 samu-

161 3746 230 3809 lum
258 3755 361 3809 tuum.
393 3745 434 3807 N.
466 3743 509 3807 ab
534 3745 625 3806 omni
656 3745 754 3825 culpa
784 3743 923 3806 liberum
954 3764 1026 3806 esse
1057 3746 1211 3807 concede.
1242 3756 1277 3807 ut
1307 3746 1362 3826 qui

158 3833 383 3896 conscientiae
415 3842 506 3895 reatu
536 3832 779 3913 constringitur.
810 3830 961 3893 caelestis
992 3830 1126 3894 remedii
1159 3831 1363 3913 plenitudine

157 3920 326 4003 glorietur.
343 3938 401 4001 per
415 3919 596 3982 dominum.

650 4120 744 4182 [reru
770 4118 875 4181 Ain.

206 4258 430 4341 Omnipotens
457 4257 658 4339 sempiterne
685 4257 766 4320 deus
793 4254 966 4319 confitenti
993 4256 1052 4319 tibi
1079 4254 1203 4317 famulo
1230 4266 1295 4318 tu0.
1322 4254 1361 4317 N.

163 4368 223 4431 pro
238 4356 295 4411 tua
310 4346 434 4429 pietate
449 4354 588 4428 peccata
610 4343 732 4407 relaxa.
745 4353 781 4406 ut
797 4363 863 4405 non
877 4343 951 4426 plus
966 4342 995 4405 ei
1009 4354 1126 4405 noceat
1142 4342 1362 4405 conscientiae

163 4434 334 4585 reatplsad
359 4451 512 4515 poenam.
536 4450 637 4513 quam
664 4430 870 4513 indulgentia
895 4440 971 4493 tuae
995 4430 1128 4512 pietatis
1152 4431 1194 4492 ad
1219 4429 1360 4493 ueniam.

161 4542 223 4605 per
259 4538 419 4585 ominum.
