3038 5106
418 366 474 416 DE
501 366 658 417 colll’tJT
657 368 678 415 0
703 366 1002 417 ECCLESIASTICO.
1282 379 1315 429 45

105 514 143 579 in
170 536 261 581 anno
290 519 426 601 positus.
457 519 490 582 in
514 541 535 581 v
558 518 639 581 locis
676 521 859 583 secundum
898 540 1024 601 grecos.
1048 521 1080 582 in
1105 519 1315 600 aequinoctio

104 604 236 667 uernali
266 604 330 669 hoe
359 616 412 669 est
442 606 475 668 in
506 606 555 669 xii
580 605 644 669 kal.
668 626 735 688 apr.
762 607 944 669 seeundum
972 606 1187 669 anatholium.
1216 607 1247 667 in
1277 607 1311 668 ix

105 689 174 753 kal.
197 712 266 775 apr.
289 693 347 756 sed
373 694 407 755 in
435 692 500 756 fine
523 692 611 755 illius
632 692 697 756 diei
725 694 788 755 hoc
815 703 864 755 est
890 694 976 755 inter
994 695 1029 755 ix
1058 693 1120 755 kal.
1144 714 1212 776 apr.
1229 694 1313 755 sicut

105 777 258 842 diximus
281 788 315 843 et
336 780 392 842 viii
417 780 482 843 kal.
497 800 566 861 apr.
581 781 765 842 secundum
789 781 979 844 esiodorum
1003 781 1172 843 bissextus
1193 780 1314 843 dicitur

106 864 142 927 in
166 866 198 927 vi
222 886 298 929 non.
315 876 409 930 mart.
427 875 463 930 ut
489 875 665 949 propterea
692 868 861 929 bissextus
888 868 1051 929 diceretur
1073 868 1167 948 quasi
1184 867 1234 930 bis
1251 886 1311 928 sex

108 971 188 1015 non.
218 953 253 1015 id
278 961 329 1016 est
351 955 384 1017 vi
408 974 483 1016 non.
509 954 609 1016 hodie
624 963 658 1016 et
674 953 706 1016 vi
723 974 798 1015 non.
814 974 894 1016 cras.
943 954 1025 1017 Inde
1049 955 1211 1017 isiodorus
1234 955 1315 1016 dicit

107 1038 279 1103 bissextus
305 1041 421 1104 diosa
444 1042 476 1102 vi
501 1060 568 1103 non
591 1049 685 1103 mart.
702 1060 806 1122 usque
833 1044 866 1103 in
894 1041 982 1104 diem
1009 1041 1225 1104 kalendarum
1250 1042 1313 1104 ian.

107 1127 217 1189 cursui
249 1126 347 1190 lunae
376 1128 525 1209 opponit.
572 1126 765 1191 Secundum
797 1129 971 1210 aegyptios
1002 1138 1114 1190 autem
1145 1127 1314 1190 bissextus

109 1214 144 1275 in
172 1213 206 1275 iii
231 1213 296 1277 kal.
321 1213 482 1297 septemb.
510 1215 646 1296 ponitur
671 1214 735 1277 hoe
759 1224 810 1277 est
836 1216 868 1277 in
899 1214 965 1277 fine
989 1216 1074 1277 anni.
1121 1214 1312 1279 Secundum

109 1386 243 1451 habent.
259 1388 396 1469 quando
418 1398 528 1451 autern
554 1388 723 1452 bissextus
749 1399 800 1452 est
825 1390 876 1451 iiia
900 1389 962 1451 kal.
980 1388 1141 1471 septemb.
1188 1386 1313 1452 Secun-

108 1474 191 1537 dum
208 1494 364 1537 romanos
379 1484 414 1539 et
429 1477 612 1538 secundum
636 1476 868 1539 auctoritatem
893 1476 961 1538 iulii
985 1476 1125 1538 caesaris
1144 1474 1313 1537 bissextus

110 1560 143 1623 in
169 1560 202 1624 vi
234 1561 298 1624 kal.
325 1571 419 1624 mart.
444 1564 586 1644 ponitur.
643 1562 682 1624 ln
715 1564 884 1624 macrouio
915 1563 1035 1643 legitur
1065 1562 1162 1624 iulius
1201 1582 1315 1624 caesar

110 1754 212 1798 unum
238 1736 470 1800 intercalarent
495 1737 594 1799 diem.
610 1756 651 1798 eo
675 1735 800 1799 scilicet
828 1756 942 1798 mense
968 1757 1007 1799 ac
1031 1736 1112 1799 loco.
1129 1756 1196 1817 quo
1212 1737 1312 1799 etiam

109 1823 199 1903 apud
226 1832 355 1886 ueteres
379 1823 548 1886 mensibus
569 1819 802 1896 incalabatur.†
818 1824 850 1886 id
878 1833 1027 1886 estante
1049 1845 1070 1885 v
1093 1823 1228 1885 ultimos
1243 1823 1314 1884 dies

110 1907 252 1971 februari
269 1911 392 1972 mensis
415 1910 449 1973 id
472 1921 523 1973 est
546 1930 633 1992 quae
651 1910 837 1973 bissextum
863 1912 991 1973 censuit
1013 1910 1261 1973 nominandum.
1280 1910 1312 1971 in

109 1994 172 2058 hoc
203 1996 362 2077 exemplo
389 2008 536 2078 apparet.
564 1999 655 2079 quod
684 1997 782 2060 iulius
806 2017 920 2059 caesar
949 1998 1075 2079 primus
1105 1997 1313 2059 bissextilem

109 2082 199 2147 diem
218 2084 414 2146 nominauit.
461 2084 506 2147 Et
522 2094 699 2166 propterea
722 2084 890 2146 bissextus
906 2086 939 2146 in
956 2086 987 2146 vi
1004 2084 1067 2146 kal.
1085 2104 1163 2146 mar.
1180 2084 1315 2165 ponitur

109 2170 294 2233 secundum
336 2190 499 2233 romanos.
537 2173 616 2252 quia
660 2172 788 2233 romani
830 2182 959 2233 ueteres
998 2170 1195 2252 principium
1235 2171 1313 2232 anni

108 2255 297 2320 habuerunt
319 2276 340 2319 a
366 2258 485 2320 martio
510 2278 631 2335 mense.
679 2258 770 2320 Finis
795 2268 907 2320 autem
935 2259 1012 2320 anni
1040 2267 1091 2320 est
1118 2259 1150 2319 in
1173 2257 1313 2320 februari

110 2362 233 2407 mense.
250 2344 282 2407 id
300 2344 400 2406 estin
418 2345 450 2406 vi
467 2344 531 2407 kal.
548 2355 643 2409 mart.
665 2344 712 2406 illi
736 2354 847 2407 autem
871 2345 1019 2427 quinque
1041 2344 1112 2407 dies
1127 2346 1184 2426 qui
1202 2364 1313 2424 super-

109 2438 187 2493 sunt
212 2430 424 2493 intercalares
448 2432 520 2493 dies
549 2434 639 2514 apud
670 2432 825 2513 antiquos
850 2442 952 2495 erant.
975 2432 1061 2494 sicut
1092 2433 1193 2494 modo
1224 2431 1313 2512 apud

110 2604 164 2667 De
190 2603 254 2666 hoc
278 2605 379 2667 etiarn
407 2605 588 2668 ditilicorus
613 2606 791 2687 aegyptius
818 2607 955 2668 tradidit
980 2607 1103 2668 dicens
1121 2606 1315 2667 inserendus

109 2700 161 2753 est
183 2691 238 2754 hic
260 2691 332 2754 dies
357 2702 538 2773 antequam
567 2693 704 2773 incipiat
730 2693 866 2773 quintus
891 2713 1005 2755 annus.
1053 2692 1130 2773 Quo
1156 2691 1315 2772 exemplo

111 2778 288 2841 manifeste
303 2778 470 2860 colligitur
484 2780 573 2860 quod
592 2780 624 2841 in
641 2778 707 2841 fine
729 2780 807 2841 anni
823 2778 1005 2842 bissextilis
1021 2781 1092 2841 dies
1109 2781 1187 2860 poni
1205 2779 1313 2840 debet.

109 2884 186 2928 cum
201 2865 290 2929 dixit
315 2876 496 2947 antequam
522 2867 658 2947 quintus
674 2885 779 2928 annus
804 2866 949 2948 incipiat.
994 2866 1125 2929 Deinde
1147 2866 1229 2927 scire
1254 2885 1315 2927 nos

110 2962 243 3035 oportet
259 2961 422 3034 quantum
439 2953 482 3016 de
497 2951 560 3015 hoc
575 2953 761 3035 quadrante
776 2952 908 3037 lcrcscit
925 2955 956 3015 in
974 2973 1174 3035 unaquaque
1191 2952 1245 3034 [lo.
1265 2969 1314 3030 24.

110 3038 165 3101 die
187 3058 248 3122 per
269 3048 379 3101 totum
396 3059 521 3102 annum
544 3042 589 3102 et¹
613 3049 777 3121 quantum
802 3041 834 3101 in
859 3060 1060 3123 unoquoque
1084 3060 1206 3102 mense.
1224 3049 1257 3101 et
1281 3040 1313 3100 in

110 3145 313 3207 unoquoque
336 3127 391 3190 die
415 3136 567 3189 crescunt
594 3126 681 3189 duae
708 3137 819 3208 partes
847 3129 1016 3189 momenti.
1033 3137 1066 3190 et
1082 3128 1128 3188 sic
1153 3128 1185 3188 in
1209 3126 1314 3188 tribus

108 3212 228 3277 diebus
254 3214 323 3276 duo
348 3222 520 3276 momenta
546 3222 697 3276 crescunt
724 3214 756 3274 in
785 3215 816 3276 vi
844 3214 962 3276 diebus
989 3215 1063 3276 iiii⁰r
1079 3223 1257 3276 momenta.
1282 3214 1314 3274 in

110 3300 159 3363 xii
175 3300 294 3364 diebus
317 3300 389 3362 viiio
412 3309 589 3363 momenta.
607 3301 639 3362 in
666 3302 762 3363 xxiiii
789 3300 906 3364 diebus
932 3303 989 3363 xvi
1019 3311 1195 3363 momenta.
1210 3311 1242 3362 et
1269 3301 1315 3361 ita

110 3388 142 3450 in
159 3407 237 3449 xxx
262 3386 380 3450 diebus
396 3396 429 3449 et
456 3387 489 3449 in
507 3408 531 3449 x
556 3387 645 3450 horis
668 3398 820 3450 crescunt
847 3410 897 3450 xx
924 3398 1102 3450 momenta.
1119 3389 1181 3449 hoc
1206 3397 1256 3448 est
1282 3388 1314 3448 in

110 3492 154 3538 xc
169 3474 290 3537 diebus
316 3483 351 3535 et
377 3493 444 3536 uno
469 3474 523 3537 die
548 3484 582 3537 et
606 3476 638 3537 vi
664 3474 754 3536 horis
778 3477 896 3537 crescit
923 3475 1004 3537 hora
1019 3485 1052 3537 et
1068 3476 1215 3537 dimidia.
1233 3475 1265 3534 in
1282 3474 1314 3536 vi

109 3570 224 3625 autem
248 3560 418 3624 mensibus
450 3561 595 3643 trigenis.
620 3561 683 3623 hoc
710 3571 760 3624 est
788 3562 819 3623 in
846 3562 896 3624 bis
921 3563 1104 3644 nonagenis
1125 3571 1159 3624 et
1183 3561 1314 3623 duobus

110 3648 229 3711 diebus
244 3657 278 3711 et
294 3648 343 3709 xii
366 3646 456 3709 horis
478 3657 631 3711 crescunt
657 3648 718 3710 iiies
733 3648 844 3711 horae.
891 3648 1051 3712 Similiter
1066 3658 1099 3711 et
1116 3650 1147 3710 in
1164 3649 1236 3709 aliis
1253 3668 1314 3709 sex

111 3735 282 3797 mensibus
300 3734 445 3815 trigenis.
461 3735 557 3816 quasi
580 3734 720 3798 suissent
743 3745 793 3798 tot
816 3736 935 3817 trigeni
952 3745 985 3798 et
1001 3734 1132 3797 duobus
1148 3735 1265 3797 diebus
1281 3743 1314 3796 et

111 3822 159 3883 xii
188 3822 278 3885 horis
304 3831 458 3886 crescunt
487 3822 572 3884 aliae
600 3831 668 3885 tres
698 3822 807 3885 horae.
830 3834 864 3885 et
894 3824 939 3884 sic
970 3833 1122 3885 crescunt
1151 3823 1183 3885 vi
1214 3822 1315 3884 horae

110 3910 313 3990 quadrantis.
344 3908 408 3972 hoc
444 3918 496 3973 est
524 3909 692 3990 quadrans
722 3910 787 3971 diei
818 3910 977 3973 naturalis
1015 3911 1138 3971 crescit.
1171 3929 1229 3990 per
1266 3909 1314 3970 xii

113 4016 249 4058 menses.
273 3996 337 4058 hoe
363 4006 416 4059 est
441 4016 501 4079 per
524 4016 797 4078 unumquemque
827 4017 960 4059 annum.
985 3997 1027 4058 de
1055 3998 1128 4058 iiiior
1152 3997 1255 4057 annis.
1281 4006 1315 4058 et

112 4167 174 4230 iiiiti
205 4171 293 4233 anni.
324 4179 505 4253 antequam
536 4170 672 4252 quintus
702 4190 809 4232 annus
840 4171 976 4253 incipiat
1007 4167 1214 4239 bissextalisl
1245 4170 1316 4232 dies

110 4256 288 4337 perueniet

154 4342 219 4405 Pro
229 4338 339 4425 quodi
351 4343 473 4407 dieitur
487 4344 624 4407 martius
635 4366 663 4407 v.

157 4428 254 4495 Unus
271 4448 380 4493 annus
402 4429 503 4492 habet
524 4430 595 4494 dies
614 4431 738 4495 ccclxv.
755 4432 846 4513 ipsos
867 4432 980 4495 diuide
996 4452 1055 4513 per
1071 4432 1160 4493 xii²lm
1178 4442 1316 4513 partem.

405 4552 414 4587 ¹
431 4558 460 4605 r'n
471 4556 570 4607 written
581 4557 667 4607 before
677 4566 803 4623 qrearrtrem
816 4560 859 4608 but
872 4560 1012 4623 expunged.
