3038 5106
463 356 512 405 IN
528 354 672 406 UIGILIA
690 351 945 403 ASCEIWONIS.

555 548 588 613 Α
592 550 619 612 d
628 547 854 629 conualendum.

146 662 328 745 Propitiare
353 662 489 725 domine
519 661 749 742 iniquitatibus
780 660 907 723 nostris.
924 660 1044 740 quibus
1067 656 1243 737 affligimur
1273 664 1306 716 et

95 750 279 813 exorabilis
302 750 368 811 tuis
383 760 456 813 esto
470 749 682 832 supplicibus.
699 758 735 811 ut
751 768 906 810 concessa
930 747 1027 809 uenia
1049 764 1150 826 quam
1174 762 1307 824 praeca-

97 856 181 900 mur.
197 848 377 919 perpetuae
394 838 635 899 misericordiae
651 846 728 898 tuae
745 855 879 897 munere
894 834 1079 916 gloriemur.
1097 851 1162 913 per.

566 986 674 1067 Super
679 985 845 1067 populum.

146 1097 282 1162 Exaudi
298 1099 433 1161 domine
449 1098 610 1179 gemitum
630 1098 744 1180 populi
770 1098 825 1159 tui.
842 1116 903 1158 nec
928 1096 1002 1178 plus
1029 1094 1117 1175 apud
1142 1102 1175 1155 te
1197 1091 1307 1153 ualeat

101 1182 244 1247 oll‘ensio
269 1187 542 1267 delinquentium.
567 1206 668 1268 quam
694 1184 916 1247 misericordia
940 1194 998 1245 tua
1024 1181 1152 1244 indulta
1177 1178 1306 1241 fletibus

100 1271 370 1355 supplicantium.
387 1294 445 1355 per
460 1274 633 1337 dominum
651 1284 810 1335 nostrum.

570 1477 614 1540 lx
640 1476 739 1540 Ama
764 1477 847 1540 Dm.

149 1607 242 1670 Deus
259 1607 421 1689 refugium
438 1627 630 1690 pauperum.
647 1627 722 1688 spes
739 1605 912 1667 humilium
930 1604 1084 1686 salusque
1102 1605 1308 1668 miserorum.

100 1695 362 1778 supplicationes
378 1695 493 1777 populi
504 1695 550 1756 tui
564 1694 743 1755 clementer
755 1694 877 1755 exaudi
895 1703 931 1754 ut
947 1710 1042 1773 quos,¹
1058 1694 1148 1753 iusti·
1162 1689 1218 1777 [so.
1236 1698 1308 1754 δον.

100 1784 151 1931 piat
167 1780 340 1844 uerberum
357 1780 434 1845 iecit
444 1780 590 1844 afflictos.
603 1779 832 1843 habundantia
844 1780 1061 1841 remediorum
1080 1779 1177 1842 saciat
1193 1800 1309 1841 conso-

112 1890 134 1931 a
152 1888 198 1931 os.
215 1889 281 1951 per.

640 2003 777 2067 Secreta.

149 2116 325 2182 Sacrificiis
340 2116 477 2179 domine
493 2114 642 2197 placatus
658 2115 786 2178 oblatis
797 2135 897 2197 opem
913 2126 1004 2177 tuam
1018 2115 1138 2177 nostris
1154 2116 1310 2195 tempori-

103 2204 168 2269 bus
185 2204 364 2268 clementer
380 2204 532 2285 inpende.
549 2223 616 2285 per.

617 2340 799 2419 Praefatio.

151 2454 202 2519 ff)
217 2463 349 2517 aeterne
369 2454 461 2517 deus·
508 2453 557 2517 Ut
577 2454 656 2535 quia
672 2454 719 2515 tui
735 2462 785 2515 est
801 2452 910 2534 operis
926 2452 952 2513 si
968 2451 1057 2532 quod
1076 2452 1133 2513 tibi
1151 2451 1309 2533 placitum

102 2552 165 2605 est
183 2552 241 2604 aut
255 2543 440 2623 cogitemus
456 2550 514 2603 aut
536 2560 683 2621 agamus.
729 2540 781 2602 Tu
799 2540 893 2601 nobis
910 2559 1039 2621 semper
1054 2550 1087 2602 et
1104 2540 1309 2621 intelligendi

102 2648 195 2711 quae
210 2639 298 2691 recta
313 2639 400 2691 sunt.
416 2639 450 2691 et
466 2628 653 2708 exequendi
669 2626 794 2689 tribuas
810 2626 1010 2689 facultatem.
1027 2647 1085 2708 per
1100 2626 1267 2689 christum.

561 2763 622 2825 Ad
632 2763 857 2845 corrmlendum.

154 2876 294 2939 Purifica
308 2896 488 2958 quesumus
503 2876 638 2939 domine
653 2887 784 2939 tuorum
802 2876 901 2938 corda
923 2874 1078 2937 fidelium.
1095 2885 1131 2937 ut
1148 2897 1167 2938 a
1183 2886 1312 2939 terrena

103 2964 291 3045 cupiditate
307 2964 457 3026 mundati
473 2975 507 3027 et
523 2965 704 3045 praesentis
721 2965 809 3025 uitae
826 2962 977 3043 periculis
993 2974 1160 3025 exuantur
1184 2977 1216 3025 et
1241 2986 1312 3045 per·

105 3052 218 3135 petuis
232 3051 328 3113 donis
344 3051 523 3114 firmentur.
539 3072 598 3133 per
612 3052 785 3114 dominum
802 3062 959 3112 nostrum.

572 3195 680 3277 Super
684 3197 848 3277 papulum.

154 3308 312 3371 Miserere
328 3308 393 3371 iam
409 3328 589 3390 quesumus
604 3310 739 3371 domine
765 3309 987 3370 intercedente
1006 3308 1105 3370 beata
1120 3317 1154 3370 et
1170 3308 1313 3389 gloriosa

107 3416 305 3477 semperque
321 3396 447 3477 uirgine
462 3397 514 3458 dei
539 3397 706 3477 genetrice
730 3396 834 3457 maria
857 3395 981 3478 populo
1003 3405 1070 3456 tuo.
1091 3407 1124 3457 et
1148 3398 1313 3459 continuis¹

105 3481 375 3546 tribulationibus
392 3483 605 3545 laborantem.
623 3483 738 3544 caeleri
756 3484 991 3565 propitiatione
1008 3481 1156 3545 laetifica.
1174 3504 1239 3565 per.

371 3691 415 3754 Iu
441 3690 594 3755 Urnrma
620 3690 871 3755 Asceusrorus
894 3690 1053 3755 Donum.

152 3819 278 3883 Tribue
306 3840 486 3902 quesumus
525 3822 736 3903 omnipotens
766 3822 848 3884 deus
879 3830 915 3883 ut
950 3841 1086 3884 munere
1124 3821 1313 3887 lestiuitatis

108 3908 289 3971 hodiernae
312 3908 387 3969 illuc
412 3906 552 3971 liliorum
581 3918 712 3970 tuorum
739 3910 900 3989 dirigatur
925 3909 1074 3971 intentio.
1099 3930 1166 3991 quo
1191 3913 1223 3972 in
1255 3925 1313 3974 tuo

107 3995 283 4077 unigenito
297 4003 406 4057 tecum
423 4006 474 4058 est
488 4005 601 4057 nostra
617 3996 809 4059 substantia.
826 3997 881 4077 qui
899 4006 1009 4059 tecum
1027 3998 1116 4060 uiuit.

642 4142 778 4204 Secreta.

152 4248 358 4317 Sacrificium
388 4251 522 4315 domine
552 4274 612 4336 pro
642 4252 699 4315 filii
735 4253 781 4316 tui
813 4254 978 4336 supplices
1008 4256 1188 4319 uenerabili
1226 4278 1313 4321 nunc

106 4338 302 4401 ascensione
316 4336 501 4403 deserimus.
516 4351 648 4423 praesta
663 4361 842 4422 quesumus
859 4354 893 4403 ut
910 4352 943 4405 et
968 4363 1029 4405 nos
1056 4364 1115 4426 per
1139 4345 1246 4426 ipsum
1265 4348 1315 4409 lris

106 4424 316 4489 commerciis
337 4428 553 4491 sacrosanctis
568 4428 612 4491 ad
628 4427 782 4491 caelestia
798 4448 1045 4512 consurgamus.
1061 4454 1121 4515 per
1138 4434 1314 4497 dominum

107 4522 269 4577 nostrum.

151 4602 348 4679 Juuraoes.
1173 4622 1185 4669 1
