3038 5106
195 336 245 401 236
470 338 520 389 ΙΝ
545 339 688 391 ΗΙθΙιΙΑ
717 339 825 392 PLUR.
855 338 1134 391 coNFESSonM.

648 497 711 563 Ad
719 498 944 580 cmnplendum.

242 609 336 674 Beati
352 609 397 673 ill.
412 609 608 674 confessoris
623 612 672 675 tui
687 611 823 674 domine
846 609 1010 692 suffragiis
1025 629 1213 673 exoramus.
1225 606 1401 692 percepta†

198 697 395 761 sacramenti
411 697 459 761 tui
476 718 536 761 nos
552 697 673 761 uirtute
688 696 839 761 deiende.
855 718 921 781 per.

469 877 513 940 Iu
537 876 694 940 Nnrnnn
718 875 842 940 Uu1us
866 873 1129 939 consessurus.

243 988 372 1052 Adesto
396 989 531 1052 domine
547 989 718 1071 praecibus
735 989 854 1051 nostris
870 1008 953 1069 quas
969 988 1001 1048 in
1018 988 1124 1049 sancti
1140 985 1337 1048 confessoris
1352 987 1402 1049 tui

199 1074 244 1138 ill.
260 1077 576 1139 commemoratione
590 1075 776 1138 deserimus.
793 1083 830 1137 ut
853 1075 909 1156 qui
927 1085 1058 1137 nostrae
1085 1074 1228 1136 iustitiae
1243 1072 1402 1136 fiduciam

198 1182 265 1224 non
280 1161 449 1226 habemus.
464 1164 534 1225 eius
550 1164 606 1244 qui
622 1163 682 1226 tibi
695 1162 819 1245 placuit
830 1160 1213 1243 praecibusadiuuemur.
1227 1161 1403 1242 perdomi-

197 1267 286 1311 num.

731 1360 868 1423 Secreta.

244 1472 426 1554 Propitiare
441 1492 618 1553 quesumus
634 1471 769 1534 domine
784 1470 1082 1554 supplicationibus
1104 1472 1232 1534 nostris.
1249 1480 1283 1534 et
1305 1470 1404 1533 inter·

200 1560 354 1622 ueniente
366 1579 426 1642 pro
436 1559 531 1623 nobis
541 1569 657 1622 sancto
666 1560 711 1621 ill.
724 1560 911 1621 confessore
921 1568 979 1621 tuo
996 1558 1046 1620 his
1056 1559 1270 1621 sacramentis
1280 1557 1404 1621 caeles-

199 1645 287 1709 tibus
302 1647 482 1709 seruientes
498 1645 540 1709 ab
556 1647 646 1708 omni
663 1647 761 1727 culpa
777 1646 895 1707 liberos
910 1664 981 1707 esse
993 1647 1146 1708 concede.
1160 1654 1197 1708 ut
1208 1642 1404 1726 purificante

200 1752 261 1795 nos
284 1733 390 1814 gratia
413 1743 477 1796 tua.
494 1734 599 1796 isdem
622 1732 742 1814 quibus
765 1732 965 1795 famulamur
988 1733 1153 1813 mysteriis
1176 1734 1403 1795 emundemur.

201 1839 259 1902 per
274 1818 455 1883 dominum.

709 1931 888 2011 Praesattb.

244 2044 294 2108 d)
320 2052 453 2108 aeterne
476 2045 565 2107 deus
612 2043 657 2107 Et
682 2044 714 2106 in
742 2043 803 2105 hac
828 2044 881 2105 die
906 2063 1006 2123 quam
1034 2043 1174 2105 transitu
1197 2061 1292 2104 sacro
1315 2041 1404 2104 beati

201 2129 396 2194 confessoris
419 2132 467 2193 tui
485 2131 530 2194 ill.
545 2131 752 2193 consecrasti.
769 2150 949 2211 quesumus
971 2149 1051 2210 ergo
1073 2129 1285 2192 clementiam
1302 2137 1405 2191 tuam.

199 2225 237 2280 ut
252 2219 311 2282 des
327 2217 422 2280 nobis
438 2217 528 2280 illam
545 2219 637 2298 sequi
653 2218 847 2280 doctrinam.
863 2236 963 2298 quam
980 2216 1034 2279 ille
1057 2226 1090 2278 ct
1113 2215 1215 2278 uerbo
1231 2216 1353 2279 docuit.
1371 2227 1405 2278 et

199 2324 299 2387 opere
314 2305 502 2386 compleuit.
528 2303 701 2386 Quatenus
712 2324 772 2366 nos
782 2304 929 2366 adiuuari
940 2305 1028 2385 apud
1041 2303 1298 2366 misericordiam
1311 2311 1403 2365 tuam

199 2401 232 2455 et
247 2391 411 2474 exemplis
434 2393 504 2454 eius
530 2392 712 2454 sentiamus
739 2401 772 2453 et
796 2389 944 2473 [meritis.
962 2410 1019 2471 per
1045 2388 1203 2453 christum
1236 2386 1404 2474 [so.17ov.

198 2478 371 2542 dominum
388 2488 545 2542 nostrum.

654 2597 715 2659 Ad
726 2597 952 2677 complendum.

246 2709 295 2775 Ut
311 2710 406 2773 nobis
419 2710 554 2772 domine
572 2720 629 2772 tua
652 2709 811 2773 sacrificia
833 2712 913 2773 dent
937 2708 1086 2772 salutem.
1103 2708 1220 2771 beatus
1236 2708 1405 2770 consessor

201 2805 277 2860 tuus
293 2797 337 2858 ill.
354 2817 532 2878 quesumus
549 2808 721 2878 praecator·
736 2798 880 2860 accedat.
898 2813 956 2879 per
972 2796 1153 2858 dominum.

398 2983 441 3044 lu
468 2981 902 3047 U1c1n1nPuun1noRuu
927 2982 1213 3049 Connussonuu.

245 3095 434 3159 Beatorum.
460 3093 683 3156 consessorum
709 3104 840 3156 tuorum
868 3095 1002 3158 domine
1029 3097 1184 3160 natalicia
1209 3108 1405 3177 praeeuntes

201 3182 365 3264 supplices
382 3191 415 3243 te
431 3201 596 3262 rogamus.
607 3191 642 3242 ut
652 3201 735 3261 quos
746 3181 877 3244 caelesti
888 3182 993 3263 gloria
1006 3183 1200 3246 sublimasti.
1210 3184 1276 3246 tuis
1288 3185 1405 3246 adesse

200 3267 362 3331 concedas
378 3267 536 3330 fidelibus.
553 3288 618 3349 per.

735 3380 867 3442 Secreta.

246 3492 449 3560 Sacrificium
461 3493 596 3555 domine
612 3492 700 3572 quod
718 3513 777 3573 pro
793 3493 900 3555 beatis
916 3494 1157 3557 consessoribus
1169 3494 1243 3558 tuis.
1254 3494 1300 3556 ill.
1313 3505 1346 3557 et
1360 3495 1403 3556 ill.

202 3578 410 3666 praeueniat†
439 3590 551 3643 nostra
587 3581 722 3643 deuotio
757 3599 872 3642 eorum
900 3579 1034 3656 merital
1058 3580 1153 3644 nobis
1183 3579 1346 3663 augeantl
1372 3591 1407 3644 te

203 3671 349 3734 donante
364 3666 565 3747 suffragium.
582 3687 647 3747 per.

712 3786 893 3863 Praefatio.

246 3902 296 3966 d)
324 3906 456 3962 aeterne
486 3898 574 3961 deus.
622 3897 820 3961 Sanctorum
851 3898 1074 3961 consessorum
1106 3908 1239 3962 tuorum
1270 3902 1406 3964 domine

202 3986 484 4069 sollempnitatem
500 3985 758 4066 praeuenientes.
804 3983 960 4047 Concede
982 3986 1151 4067 propitius.
1169 3995 1206 4049 ut
1229 3988 1284 4068 qui
1308 3988 1407 4052 donis

202 4076 267 4140 tuis
283 4075 330 4138 ita
344 4072 527 4136 extiterunt
542 4070 684 4152 gloriosi.
697 4071 785 4152 apud
802 4081 836 4133 te
851 4091 911 4152 pro
927 4073 1046 4135 nostris
1056 4075 1203 4137 existant
1215 4074 1407 4137 nominibus

203 4162 313 4227 idonei
329 4159 575 4223 interuentores.
592 4177 650 4239 per
665 4156 831 4221 christum.

650 4285 713 4349 Ad
723 4286 948 4367 conpunctum.

246 4403 437 4487 Quesumus
466 4399 602 4463 domine
632 4397 831 4462 salutaribus
858 4398 972 4482 repleti
1000 4400 1174 4482 mysteriis.
1199 4411 1235 4465 ut
1265 4422 1407 4484 quorum

201 4489 482 4572 sollempnitatem
493 4486 668 4569 praeimus.
677 4485 883 4549 orationibus
895 4506 1007 4551 eorum
1018 4487 1221 4553 adiuuemur.
1232 4507 1292 4571 per
1300 4489 1408 4553 domi·

202 4597 283 4645 num
299 4584 457 4639 nostrum.
