3038 5106
353 341 464 392 MISSA
487 342 561 392 PRO
584 340 756 396 OMNIBUS
778 344 993 399 ORDINIBUS.
1244 348 1293 413 263

95 495 262 561 interesse„
276 516 337 581 per
361 496 489 579 lignum
515 506 651 563 sanctae
674 501 780 564 crucis
802 509 837 564 et
858 520 879 563 a
901 503 1045 583 peccatis
1063 502 1244 567 abstrahas.
1260 512 1294 568 et

95 602 117 645 a
131 582 284 665 periculis
298 582 426 647 cunctis
441 584 616 649 miseratus
631 586 759 668 eripias.
775 607 835 669 per
850 586 1024 652 dominum
1041 599 1199 653 nostrum.

435 789 552 855 Missa
576 790 652 854 Puo
677 791 962 858 Fnummuraus.

145 917 236 981 Deus
259 919 315 1000 qui
337 920 487 983 karitatis
512 921 602 983 dona
626 940 685 1003 per
711 922 853 1003 gratiam
882 922 987 986 sancti
1015 923 1149 1005 spiritus
1165 932 1296 987 tuorum

97 1006 253 1069 cordibus
280 1004 425 1069 fidelium
452 1006 609 1071 infudisti.
639 1008 683 1070 da
710 1007 841 1072 famulis
868 1019 901 1073 et
928 1008 1114 1073 famulabus
1138 1012 1210 1074 tuis.
1238 1030 1298 1092 pro

98 1092 220 1174 quibus
257 1102 348 1155 tuam
387 1093 624 1176 depraecamur
669 1094 881 1158 clementiam
928 1096 1067 1159 salutem
1107 1099 1226 1160 mentis
1264 1108 1297 1160 et

98 1180 252 1261 corporis
269 1190 305 1243 ut
321 1190 354 1243 te
370 1190 441 1243 tota
463 1181 585 1243 uirtute
607 1180 756 1263 diligant.
773 1191 806 1244 et
822 1203 907 1264 quae
923 1182 981 1244 tibi
998 1183 1120 1265 placita
1134 1195 1212 1247 sunt
1227 1194 1299 1247 tota

98 1266 277 1330 dilectione
293 1266 471 1349 perficiant.
488 1288 546 1350 per
562 1269 735 1331 dominum
752 1280 910 1332 nostrum.

637 1396 773 1461 Secreta.

147 1499 303 1563 Miserere
329 1519 509 1581 quesumus
540 1499 675 1563 domine
706 1499 838 1562 famulis
869 1510 902 1563 et
930 1499 1117 1564 famulabus
1142 1503 1214 1565 tuis
1240 1523 1301 1585 pro

100 1586 221 1669 quibus
231 1586 293 1649 hoc
305 1585 500 1649 sacrificium
514 1586 620 1649 laudis
631 1597 707 1649 tuae
717 1585 888 1648 offerimus
899 1589 1062 1650 maiestati
1075 1586 1124 1659 lut
1137 1588 1193 1670 [f0.
1212 1606 1299 1668 190v.

100 1694 160 1757 per
191 1672 272 1737 haec
305 1682 420 1736 sancta
450 1693 612 1755 supernae
636 1673 852 1735 beatitudinis
883 1675 1024 1755 gratiam
1056 1676 1236 1738 obtineant.
1268 1685 1302 1739 et

99 1761 241 1843 gloriam
258 1771 411 1823 aeternae
426 1759 640 1822 beatitudinis
656 1761 841 1841 adquirant.
858 1781 918 1842 per
930 1761 1104 1825 dominum
1120 1773 1278 1825 nostrum.

614 1887 794 1967 Praefatio.

146 1994 196 2057 ff>
223 2002 355 2056 aeterne
382 1992 471 2054 deus.
518 1990 738 2054 Clementiam
764 2002 856 2055 tuam
883 1994 994 2075 pronis
1018 1995 1185 2057 mentibus
1208 1996 1303 2058 obse-

101 2088 240 2144 crantes
267 2090 303 2142 ut
329 2079 470 2141 famulos
497 2087 574 2141 tuos
599 2098 682 2160 quos
710 2090 845 2142 sanctae
875 2080 1061 2143 dilectionis
1088 2082 1184 2144 nobis
1209 2082 1304 2145 fami-

102 2167 245 2230 liaritate
270 2166 480 2228 coniunxisti.
509 2165 568 2228 tibi
597 2164 699 2227 facias
729 2175 802 2228 toto
833 2167 931 2230 corde
961 2167 1135 2231 subiectos.
1164 2178 1200 2231 ut
1227 2179 1304 2233 tuae

102 2253 253 2316 karitatis
277 2253 393 2334 spiritu
421 2252 536 2334 repleti
562 2273 582 2315 a
606 2252 743 2315 terrenis
769 2255 971 2317 mundentur
1000 2255 1239 2336 cupiditatibus
1270 2265 1304 2319 et

101 2339 236 2403 caelesti
252 2339 458 2402 beatitudine
473 2348 506 2402 te
522 2339 670 2402 donante
685 2339 777 2421 digni
794 2338 988 2404 efficiantur.
1003 2361 1061 2423 per
1076 2343 1244 2405 christum.

552 2466 615 2529 Ad
625 2467 852 2547 complendum.

150 2570 274 2632 Diuina
300 2568 441 2632 libantes
467 2571 624 2652 mysteria
650 2591 830 2652 quesumus
848 2572 983 2635 domine
1000 2581 1036 2634 ut
1052 2572 1132 2634 haec
1148 2573 1303 2636 salutaria

105 2667 314 2720 sacramenta
345 2657 408 2718 illis
446 2655 619 2738 proficiant
657 2659 699 2720 ad
731 2659 984 2741 prosperitatem
1023 2668 1056 2722 et
1093 2679 1217 2740 pacem.
1246 2682 1307 2743 pro

104 2763 246 2893 quorpm
263 2763 478 2843 'quarumque
504 2743 682 2807 dilectione
703 2743 784 2807 haec
810 2756 889 2808 tuae
918 2744 1100 2808 obtulimus
1131 2747 1304 2811 maiestati.

106 2851 166 2914 per
203 2850 361 2895 ominum.

385 3010 501 3073 Mrssn
525 3024 596 3073 eno
620 3009 797 3074 Ouuraus
822 3006 1043 3073 anruruus

153 3142 337 3204 Praetende
353 3140 487 3203 domine
504 3138 655 3202 fidelibus
679 3139 744 3201 tuis
766 3138 922 3201 omnibus
939 3139 1103 3220 episcopis
1119 3139 1303 3202 abbatibus.

108 3228 287 3292 monachis.
312 3236 346 3290 et
370 3227 546 3289 canonicis.
573 3227 643 3289 siue
670 3226 809 3306 regibus.
834 3234 867 3287 et
899 3224 1174 3306 gubernatoribus
1204 3236 1305 3307 atque

107 3315 360 3396 consanguineis
376 3314 504 3376 nostris
521 3323 553 3375 et
578 3312 629 3375 his
653 3313 708 3393 qui
734 3333 769 3374 se
793 3312 826 3374 in
851 3312 970 3374 nostris
987 3313 1305 3376 commendauerunt

108 3402 320 3466 orationibus
346 3411 380 3463 et
409 3420 485 3463 suas
516 3400 611 3462 nobis
642 3399 749 3481 largiti
780 3408 858 3460 sunt
887 3398 1094 3462 elemosinas
1120 3419 1177 3461 seu
1202 3401 1302 3463 etiam

107 3490 246 3553 caeteris
274 3487 433 3550 fidelibus
459 3487 632 3550 dexteram
668 3485 819 3548 caelestis
843 3486 959 3547 auxilii
987 3495 1024 3549 ut
1050 3496 1084 3548 te
1108 3496 1180 3550 toto
1206 3488 1305 3551 corde

109 3577 307 3659 perquirant.
325 3584 358 3636 et
373 3593 459 3655 quae
474 3574 575 3654 digne
591 3572 761 3654 postulant
777 3573 934 3653 consequi
951 3582 1146 3636 mereantur.
1163 3594 1229 3655 per.

639 3699 777 3764 Secreta.

154 3807 334 3890 Propitiare
360 3805 495 3869 domine
521 3803 818 3887 supplicationibus
843 3805 971 3867 nostris.
988 3813 1021 3867 et
1037 3804 1098 3867 has
1120 3805 1305 3868 oblationes

106 3915 189 3975 quas
214 3893 273 3957 tibi
299 3914 359 3976 pro
397 3892 624 3956 incolomitate
661 3891 810 3954 omnium
849 3891 1089 3973 episcoporum.
1134 3893 1305 3956 abbatum.

108 3982 355 4044 monachorum.
377 3979 621 4043 canonicorum.
638 3977 708 4040 siue
732 3997 855 4059 regum.
872 3986 905 4040 et
920 3978 1189 4060 gubernatorum.
1206 3990 1305 4061 atque

108 4068 427 4149 consanguineorum
442 4076 638 4128 nostrorum.
651 4073 685 4128 et
700 4084 815 4127 eorum
831 4065 888 4144 qui
904 4084 939 4127 se
956 4066 988 4127 in
1005 4065 1126 4128 nostris
1137 4085 1306 4129 commen-

107 4154 269 4217 dauerunt
299 4153 512 4217 orationibus
543 4162 576 4215 et
606 4172 683 4214 suas
713 4151 809 4213 nobis
839 4151 947 4233 largiti
985 4161 1062 4214 sunt
1100 4152 1305 4215 elemosinas.

107 4240 192 4323 lsiue
216 4242 317 4303 etiam
341 4251 524 4304 ceterorum
561 4238 708 4301 fidelium
740 4236 918 4300 offerimus.
951 4238 1113 4319 benignus
1147 4237 1202 4320 [fo.
1239 4256 1305 4318 191.

108 4347 247 4391 assume.
263 4337 297 4391 et
312 4339 349 4390 ut
366 4327 486 4391 nullius
512 4327 556 4389 sit
582 4326 709 4388 irritum
726 4333 843 4388 uotum
860 4324 980 4387 nullius
996 4344 1102 4388 uacua
1117 4324 1305 4407 postulatio.

107 4424 239 4496 praesta
253 4432 433 4496 quesumus
449 4423 485 4477 ut
501 4413 592 4495 quod
608 4410 749 4477 fideliter
764 4412 917 4495 petimus.
933 4408 1110 4474 efficaciter
1124 4431 1306 4496 consequa·

106 4519 188 4565 mur.
203 4520 270 4585 per.
