3038 5106
220 369 253 417 ss
528 367 644 417 nano.
675 368 714 418 ll.
747 367 883 428 Quane.
932 365 1048 415 raum
1079 364 1117 414 rr.
1218 346 1221 351 ’

668 536 699 599 A
704 536 732 600 d
742 535 969 617 complendum.

266 648 592 714 Sanctificationibus
629 650 695 711 tuis
733 650 945 730 omnipotens
983 647 1066 710 deus
1106 655 1140 710 et
1181 646 1264 709 uitia
1311 655 1426 709 nostra

223 748 384 800 curentur.
415 748 449 799 et
477 736 621 799 remedia
652 736 748 798 nobis
778 745 914 798 aeterna
936 735 1142 817 proueniant.
1166 755 1226 818 per
1249 735 1425 799 dominum

224 835 374 887 nostrum
392 824 496 887 iesum
513 823 682 887 christum.

614 982 687 1044 Dm
704 994 894 1044 oounucn
910 993 1041 1045 uacua.

270 1095 362 1157 Deus
378 1096 433 1178 qui
457 1095 620 1176 conspicis
642 1093 733 1156 omni
757 1113 817 1154 nos
840 1093 964 1155 uirtute
987 1092 1121 1154 destitui
1147 1091 1283 1155 interius
1306 1091 1431 1154 exteri-

226 1203 330 1263 usque
360 1183 499 1244 custodi.
537 1191 572 1242 ut
610 1180 653 1242 ab
690 1180 844 1241 omnibus
875 1180 1130 1242 aduersitatibus
1173 1181 1363 1242 muniamur
1395 1178 1428 1240 in

226 1289 363 1351 corpore
393 1278 427 1331 et
453 1289 473 1331 a
503 1269 613 1350 prauis
644 1266 901 1349 cogitationibus
933 1267 1131 1329 mundemur
1158 1267 1189 1329 in
1216 1277 1337 1328 mente.
1369 1284 1429 1346 per

227 1357 411 1419 dominum.

756 1456 894 1521 Secreta.

272 1561 447 1625 Sacrificiis
463 1561 691 1643 praesentibus
707 1561 842 1623 domine
858 1581 1039 1643 quesumus
1056 1559 1192 1624 intende
1208 1559 1372 1641 placatus.
1389 1567 1428 1622 ut

228 1658 261 1712 et
277 1650 448 1712 deuotioni
465 1659 596 1711 nostrae
612 1647 786 1731 proficiant
801 1658 835 1711 et
851 1649 958 1711 saluti.
974 1668 1041 1730 per.

741 1785 918 1865 Praefatio.

273 1891 321 1953 ll)
349 1899 483 1951 aeterne
498 1888 587 1951 deus.
629 1889 674 1950 Et
691 1888 899 1951 maiestatem
918 1898 1009 1951 tuam
1026 1887 1219 1970 suppliciter
1233 1907 1374 1950 exorare
1390 1895 1429 1949 ut

228 1977 395 2039 mentibus
421 1976 541 2038 nostris
567 1975 770 2038 medicinalis
794 1975 1005 2053 obseruantie
1029 1995 1148 2037 munus
1171 1973 1335 2037 infundas.
1382 1974 1429 2036 Et

227 2065 282 2146 qui
314 2061 565 2143 neglegentibus
595 2063 695 2125 etiam
726 2059 887 2144 [subsidia
921 2064 1004 2125 lerre
1034 2083 1100 2125 non
1125 2062 1248 2124 desinis
1272 2060 1328 2143 [s0.
1351 2063 1426 2138 46v.

228 2149 387 2212 beneficia
418 2149 575 2231 praebeas
613 2149 743 2230 potiora
779 2149 920 2212 deuotis.
959 2169 1017 2231 per
1053 2147 1212 2212 christum
1251 2149 1427 2212 dominum

228 2247 385 2299 nostrum.

678 2338 742 2401 Ad
752 2339 976 2420 complendum.

272 2442 447 2526 Supplices
472 2451 505 2505 te
530 2461 685 2523 rogamus
709 2443 921 2524 omnipotens
949 2443 1031 2505 deus
1059 2451 1096 2504 ut
1118 2461 1203 2522 quos
1227 2441 1293 2503 tuis
1321 2440 1427 2503 reficis

228 2531 450 2593 sacramentis.
489 2530 548 2591 tibi
587 2529 687 2592 etiam
718 2528 849 2609 placitis
880 2530 1025 2593 moribus
1055 2529 1232 2612 dignanter
1261 2528 1427 2591 deseruire

229 2619 401 2680 concedas
418 2637 477 2698 per
492 2617 664 2679 dominum
683 2626 839 2679 nostrum.

749 2774 865 2836 Fixum
893 2775 937 2837 ll.

272 2902 406 2963 Praesta
432 2920 613 2981 quesumus
638 2900 850 2981 omnipotens
886 2900 967 2962 deus
992 2909 1029 2961 ut
1053 2899 1178 2962 familia
1201 2908 1265 2961 tua
1289 2917 1426 2980 quaese

227 2987 406 3069 affligendo
421 3007 519 3049 carne
535 2987 579 3049 ab
594 2987 760 3049 alimentis
775 2987 928 3050 abstinet.
945 2989 1105 3050 sectando
1121 2987 1280 3049 iustitiam
1297 3006 1317 3047 a
1329 2984 1426 3066 culpa

227 3077 358 3137 ieiunet.
375 3095 433 3157 per
449 3075 630 3138 dominum.

760 3177 897 3241 Secreta.

273 3283 366 3343 Haec
382 3280 489 3342 hostia
506 3280 640 3343 domine
656 3279 853 3362 placationis
868 3292 902 3344 et
918 3281 1034 3344 laudis.
1048 3290 1106 3344 tua
1117 3300 1177 3341 nos
1190 3278 1426 3361 propitiatione

225 3369 344 3449 dignos
359 3367 488 3429 efficiat.
503 3387 571 3448 per.

737 3472 918 3551 Praefatio.

271 3576 320 3637 (D
351 3584 483 3635 aeterne
514 3574 603 3636 deus
662 3574 706 3636 Et
744 3576 903 3656 pietatem
942 3585 1035 3637 tuam
1066 3572 1208 3654 supplici
1245 3570 1425 3634 deuotione

228 3662 406 3742 deposcere
432 3670 467 3722 ut
493 3661 603 3722 ieiunii
630 3662 733 3723 nostri
763 3662 933 3724 oblatione
960 3662 1117 3743 placatus
1148 3669 1182 3720 et
1212 3669 1423 3740 pcccatorum

227 3749 323 3810 nobis
354 3749 517 3809 concedas
548 3748 679 3809 ueniam
710 3758 745 3810 et
775 3770 835 3811 nos
866 3771 886 3812 a
912 3750 1023 3811 noxiis
1053 3747 1171 3810 liberes
1202 3746 1336 3807 insidiis.
1368 3765 1424 3826 per

227 3836 396 3899 christum.

678 3938 710 4000 A
714 3939 741 4001 d
751 3939 975 4019 complendum.

273 4042 367 4103 Haec
395 4060 455 4102 nos
482 4041 672 4103 communio
697 4043 832 4105 domine
855 4052 975 4125 purget
998 4062 1018 4104 a
1044 4040 1188 4103 crimine.
1215 4048 1249 4100 et
1273 4037 1422 4100 caelestis

227 4129 363 4191 remedii
380 4127 479 4189 saciat
493 4148 565 4189 esse
581 4140 758 4193 consortes.
775 4151 839 4212 per.

690 4249 796 4333 Super
801 4252 964 4334 populum.

272 4352 401 4414 Adesto
425 4350 722 4432 supplicationibus
747 4356 867 4417 nostris
891 4355 1103 4436 omnipotens
1128 4350 1218 4413 deus.
1248 4357 1283 4411 et
1305 4349 1423 4429 quibus

226 4439 382 4502 fiduciam
408 4439 591 4519 sperandae
618 4440 751 4521 pietatis
778 4441 938 4522 indulges.
968 4449 1148 4504 consuetae
1180 4435 1422 4499 misericordiae

226 4525 333 4589 tribue
349 4525 511 4608 benignus
526 4524 690 4591 effectum.
706 4548 765 4612 per
780 4529 961 4592 dominum.
