3038 5106
485 351 747 405 CONSECRATIO
771 351 948 405 UIRGINIS.
1269 364 1318 418 273

502 506 596 570 Dum
611 504 737 583 tondet
749 526 823 569 curn
837 506 930 571 dicis.

159 610 212 677 Tu
253 630 290 675 es
329 610 465 676 domine
509 611 566 693 qui
612 610 766 675 restitues
804 611 884 673 mihi
930 610 1149 674 hereditatem
1195 630 1314 674 meam.

111 696 398 851 §grillinffiminus
427 718 512 781 pars.
571 698 652 761 Ant.
686 698 782 761 Haec
806 706 857 761 est
886 698 1059 780 generatio
1083 698 1313 780 quaerentium

518 886 634 953 Oratio
642 898 715 971 post
733 888 916 951 tonsionem.

160 1001 295 1065 Praesta
309 1021 490 1084 quesumus
505 1002 719 1083 omnipotens
734 1002 823 1064 deus.
841 1010 877 1063 ut
900 1000 976 1063 huic
993 999 1118 1063 famulo
1140 1010 1199 1064 tuo
1222 1001 1315 1064 cuius

113 1088 214 1153 hodie
236 1090 355 1171 capitis
378 1107 510 1152 comam
537 1108 598 1171 pro
622 1088 737 1152 diuino
760 1107 874 1149 amore
903 1088 1118 1169 deposuimus
1141 1099 1177 1151 ut
1202 1089 1234 1150 in
1258 1098 1317 1152 tua

114 1175 292 1239 dilectione
314 1186 475 1259 perpetua
490 1185 632 1238 maneat.
648 1186 683 1239 et
698 1195 774 1237 eum
791 1176 862 1238 sine
878 1174 1009 1238 macula
1025 1176 1057 1237 in
1074 1175 1314 1257 sempiternum

113 1264 291 1326 custodias
308 1283 366 1345 per
380 1263 564 1329 dominum.

442 1448 591 1514 Ouxrro
614 1463 666 1511 nu
689 1449 997 1513 Curmnruuxu.

161 1580 384 1664 Omnipotens
409 1579 611 1662 sempiterne
637 1579 728 1641 deus.
754 1579 880 1661 respice
910 1579 1073 1661 propitius
1104 1598 1202 1661 super
1229 1579 1316 1640 hunc

116 1669 277 1733 famulum
305 1679 399 1732 tuum
427 1667 472 1730 o'll.
497 1687 597 1748 quem
623 1670 665 1729 ad
692 1685 813 1729 nouam
840 1666 1001 1728 tondendi
1029 1667 1171 1747 gratiam
1197 1685 1316 1728 uocare

115 1757 273 1837 <lignatus
288 1775 332 1817 es.
349 1754 498 1817 tribuens
513 1754 543 1816 ei
559 1753 787 1816 remissionem
804 1752 952 1815 omnium
976 1762 1198 1834 peccatorum.
1214 1761 1316 1833 atque

114 1843 308 1907 caelestium
336 1843 499 1905 donorum
527 1850 715 1903 consortem
742 1859 815 1901 esse
839 1837 1118 1921 praeceptorum.†
1133 1860 1192 1921 per
1209 1840 1317 1903 domi·

118 1950 207 1994 num.

392 2075 542 2140 Ounno
565 2088 616 2136 Au
640 2086 779 2137 exuens
803 2086 1042 2137 Touueunns.

164 2208 256 2272 Deus
280 2207 373 2269 cuius
393 2205 509 2288 spiritu
535 2214 684 2268 creatura
700 2204 809 2267 omnis
834 2203 949 2266 adulta
973 2206 1170 2286 congaudet.
1195 2206 1319 2269 exaudi

119 2314 254 2379 praeces
270 2303 399 2357 nostras
414 2312 514 2374 super
529 2291 617 2354 hunc
637 2291 799 2354 famulum
823 2301 927 2354 tuum.
944 2290 988 2353 ill.
1006 2291 1141 2354 iuuenili
1158 2291 1321 2369 aetatem†

119 2384 238 2448 decore
268 2379 449 2443 laetantem
481 2388 514 2441 et
541 2379 656 2461 primis
681 2379 837 2460 auspiciis
864 2379 1126 2442 adtendendum.
1183 2379 1319 2443 Exaudi

120 2469 254 2533 domine
270 2478 306 2531 ut
323 2468 356 2529 in
371 2465 526 2529 omnibus
539 2466 754 2548 protectionis
775 2474 852 2527 tuae
875 2465 1023 2527 munitus
1044 2465 1179 2529 auxilio
1199 2466 1320 2530 caeles·

119 2566 188 2621 tem
204 2554 471 2618 benedictionem
487 2553 637 2634 accipiat.
654 2562 687 2615 et
703 2552 886 2633 praesentis
899 2553 989 2614 uitae
1005 2551 1159 2615 subsidiis
1174 2555 1321 2635 gaudeat

117 2654 154 2707 et
168 2653 331 2706 aeternae.
348 2661 407 2723 per
420 2640 604 2703 dominum.

251 2824 487 2888 Beuemcuo
512 2822 688 2886 Uusrrux
714 2823 992 2887 Umc1u1suur.
1018 2822 1179 2886 Urbuxe

165 2954 258 3017 Deus
287 2954 343 3035 qui
374 2952 612 3014 uestimentum
644 2951 788 3013 salutare
825 2961 858 3013 et
896 2951 1128 3014 indumentum
1167 2962 1321 3015 aeternae

121 3040 334 3104 iocunditatis
355 3039 421 3102 tuis
445 3036 598 3101 fidelibus
623 3039 814 3119 promisisti.
840 3038 1052 3101 clementiam
1078 3048 1171 3101 tuam
1196 3039 1323 3121 suppli·

121 3126 217 3212 citer!
230 3145 418 3190 exoramus
430 3135 466 3188 ut
482 3124 564 3187 haec
580 3126 776 3187 indumenta
791 3124 1014 3187 humilitatem
1025 3126 1142 3189 cordis.
1159 3125 1214 3207 [fo.
1231 3142 1321 3207 197v.

121 3226 153 3279 et
163 3223 393 3296 contemptum
411 3212 525 3275 mundi
542 3211 771 3291 significantia.
788 3212 907 3293 quibus
924 3210 1048 3275 famula
1063 3221 1129 3276 tua
1146 3212 1191 3275 ill.
1204 3223 1321 3278 saneto

121 3301 294 3365 uisibiliter
323 3310 375 3363 est
404 3297 615 3361 informanda
645 3300 824 3380 proposito.
864 3299 1026 3381 propitius
1063 3299 1248 3363 benedicas.
1287 3311 1321 3364 et

121 3390 239 3452 beatae
253 3386 417 3451 castitatis
443 3385 594 3449 habitum
611 3405 710 3466 quem
735 3395 768 3448 te
785 3386 966 3467 inspirante
992 3388 1173 3468 susceperit
1199 3398 1232 3450 te
1248 3408 1322 3470 pro-

121 3480 254 3559 te'gente
270 3474 446 3538 custodiat.
464 3493 529 3555 per.

656 3576 745 3640 Alio.

166 3684 258 3747 Deus
287 3682 450 3744 bonarum
482 3680 642 3742 uirtutum
676 3680 774 3743 dator
803 3690 837 3742 et
871 3680 1020 3743 omnium
1052 3681 1319 3746 benedictionum

122 3770 232 3852 largus
262 3768 394 3831 infusor.
422 3767 545 3830 exaudi
574 3787 709 3848 praeces
736 3776 866 3829 nostras
890 3779 922 3830 et
949 3767 1034 3830 hanc
1061 3778 1188 3831 uestem
1220 3789 1320 3851 quam

91 3854 95 3861 “
122 3857 245 3921 famula
260 3866 327 3918 tua.
346 3854 391 3918 ill.
407 3875 468 3937 pro
483 3856 732 3916 conseruandae
748 3855 911 3917 castitatis
926 3855 1022 3935 signo
1045 3874 1081 3918 se
1104 3856 1323 3938 adoperiend-

121 3964 176 4008 am
192 3944 354 4026 exposcit.
370 3941 565 4005 benedicere
580 3949 614 4002 et
629 3939 835 4004 sanctificare
851 3941 1003 4023 digneris.
1021 3962 1080 4024 per
1095 3943 1278 4007 dominum.

490 4114 757 4180 cousecxnuo
773 4114 960 4179 Umcrrus.

166 4248 308 4331 Respice
338 4245 502 4329 propitius
531 4245 668 4307 domine
702 4264 800 4325 super
837 4243 922 4307 hanc
957 4244 1116 4309 famulam
1155 4256 1247 4311 tuam
1287 4259 1324 4312 ut

121 4335 321 4419 uirginitatis
336 4343 472 4397 sanctae
488 4332 707 4414 propositum.
723 4331 813 4412 quod
830 4330 905 4414 [te¹]
922 4332 1104 4414 inspirante
1121 4336 1276 4417 suscepit
1291 4348 1325 4399 te

122 4422 331 4507 gubernante
345 4415 544 4495 custodiam
559 4438 619 4502 per
633 4418 817 4483 dominum.

155 4530 164 4565 ¹
180 4532 245 4583 This
253 4532 382 4663 {orgus
390 4530 455 4581 been
467 4528 551 4581 added
561 4528 643 4579 above
653 4528 697 4579 the
708 4528 768 4591 line,
780 4528 904 4595 probably
914 4528 948 4595 by
960 4530 1003 4581 the
1014 4531 1119 4597 original
1130 4532 1207 4583 hand.

165 4612 256 4681 Jtuu
281 4612 306 4663 G
342 4612 359 4661 “.
1172 4611 1196 4664 T
