3038 5106
433 353 525 404 DOM.
544 352 583 404 II.
603 352 659 403 DE
674 351 841 404 ADUENT
840 352 870 405 U
880 353 1031 404 DOMINI.
1287 366 1333 417 139

666 521 804 587 Secreta.

180 634 276 699 Haec
298 655 393 698 sacra
417 654 477 697 nos
501 634 637 698 domiue
664 636 792 717 potenti
817 635 941 701 uirtute
968 636 1154 700 mundatos.
1170 636 1212 699 ad
1236 656 1333 699 suum

133 722 257 786 iaciant
268 722 417 805 puriores
432 722 544 785 uenire
560 722 767 806 principium.
784 742 842 805 per
857 723 1029 786 dominum
1047 734 1205 787 nostrum

655 870 836 952 Praefatrb.

179 985 230 1049 (θ
252 994 386 1047 aeterne
400 983 492 1047 deus.
548 982 610 1049 Cui
630 986 800 1065 proprium
817 994 867 1048 est
883 1005 922 1048 ac
937 985 1104 1067 singulare
1119 987 1210 1067 quod
1225 984 1334 1048 bonus

134 1092 180 1135 es.
196 1072 331 1135 etnulla
353 1091 513 1152 umquam
530 1092 550 1133 a
566 1080 599 1133 te
615 1092 651 1133 es
666 1073 929 1135 commutatione
945 1073 1104 1136 diuersus.
1152 1072 1334 1153 l’ropitiare

134 1178 317 1241 quesumus
342 1157 640 1239 supplicationibus
678 1159 807 1221 nostris.
831 1168 865 1220 et
900 1159 1078 1221 aecclesiae
1109 1170 1185 1222 tuae
1211 1160 1334 1222 miscri-

134 1245 283 1309 cordiam
308 1255 401 1307 tuam
432 1264 533 1325 quam
564 1245 803 1327 depraecamur
832 1246 980 1309 ostende.
1006 1246 1221 1308 manifestans
1245 1245 1334 1328 plebi

135 1344 215 1395 tuae
224 1331 384 1413 unigeniti
395 1332 443 1393 tui
453 1341 486 1393 et
497 1331 733 1394 incarnationis
744 1333 946 1413 mysterium.
958 1332 1007 1415 set
1018 1333 1182 1395 aduentus
1195 1332 1250 1414 [lo.
1262 1350 1335 1413 99v.

135 1418 332 1482 admirabile
348 1430 601 1481 sacramentum.
651 1418 699 1481 Ut
722 1418 755 1481 in
780 1420 994 1481 uniuersitate
1017 1421 1190 1482 nationum
1206 1430 1336 1484 constet

134 1526 210 1569 esse
239 1504 421 1587 perlectum
460 1506 550 1586 quod
588 1514 703 1568 uatum
742 1507 883 1567 oraculis
921 1505 982 1569 luit
1018 1518 1096 1569 ante
1127 1508 1334 1587 promissum.

136 1592 388 1675 percipiantque
417 1592 615 1674 dignitatem
652 1593 849 1674 adoptionis.
880 1613 964 1674 quos
1001 1606 1144 1656 exornat
1174 1593 1337 1655 consessio

137 1679 295 1743 ueritatis.
312 1700 370 1761 per
385 1698 494 1760 quem.

579 1814 642 1880 Ad
658 1816 883 1899 complendum.

183 1926 411 2011 Suscipiamus
426 1926 561 1992 domine
585 1930 841 1992 misericordiam
861 1941 952 1993 tuam
971 1929 1003 1992 in
1022 1929 1132 1993 medio
1147 1929 1264 2013 templi
1281 1931 1337 1995 tui.

135 2024 172 2077 et
194 2018 410 2097 reparationis
434 2026 567 2079 nostrae
599 2028 738 2079 uentura
761 2016 958 2100 sollempnia
981 2018 1135 2099 congruis
1158 2017 1337 2080 honoribus

139 2105 384 2183 praecedamus.
400 2124 460 2187 per
474 2103 657 2168 dominum.

607 2260 715 2341 Super
719 2261 883 2342 populum.

185 2370 241 2434 Da
254 2392 435 2453 quesumus
453 2371 589 2437 domine
613 2372 737 2455 populo
760 2383 827 2436 tuo.
844 2373 994 2455 spiritum
1020 2371 1168 2435 ueritatis
1188 2380 1222 2433 et
1238 2368 1337 2452 pacis.

141 2468 230 2523 utet
253 2469 286 2521 te
311 2480 368 2542 per
392 2460 574 2523 aduentum
601 2462 762 2543 unigeniti
789 2462 836 2523 tui
864 2470 935 2523 tota
963 2470 1074 2523 mente
1100 2466 1287 2540 cognoscat
1304 2468 1338 2518 et

139 2565 227 2629 quae
243 2546 302 2609 tibi
317 2558 395 2610 sunt
411 2547 541 2631 placita.
558 2547 657 2611 corde
672 2560 844 2611 sectemur.
861 2570 919 2631 per
934 2547 1108 2610 dominum
1125 2556 1284 2608 nostrum.

370 2765 568 2831 Domurcn
593 2767 636 2830 11.
661 2780 711 2830 nn
734 2767 928 2831 Anurnru
954 2767 1113 2830 Dosnnr.

189 2894 313 2959 Excita
339 2895 474 2958 domine
498 2896 598 2958 corda
623 2906 736 2958 nostra
766 2897 808 2958 ad
835 2897 1079 2978 praeparandas
1104 2893 1265 2976 unigeniti
1293 2893 1341 2955 tui

142 2982 223 3045 uias.
255 2992 292 3045 ut
323 3002 380 3063 per
410 2984 480 3044 eius
509 2982 692 3045 aduentum
723 2982 903 3064 purificatis
933 2984 992 3046 tibi
1024 2982 1190 3045 mentibus
1221 2981 1342 3043 seruire

145 3088 339 3132 mereamur.
354 3089 411 3151 qur
427 3088 520 3133 ululs.

680 3203 816 3267 Secreta.

191 3316 326 3381 Placare
350 3337 531 3399 quesumus
565 3316 700 3380 domine
735 3316 930 3379 humilitatis
955 3326 1087 3379 nostrae
1112 3317 1285 3399 praecibus
1310 3326 1343 3379 et

144 3404 271 3468 hostiis.
296 3415 330 3469 et
353 3406 409 3468 ubi
434 3405 524 3468 nulla
549 3414 731 3487 suppetunt
757 3404 915 3486 suffragia
940 3405 1140 3467 meritorum.
1157 3406 1222 3468 tuis
1248 3404 1342 3466 nobis

144 3512 299 3556 succurre
314 3493 492 3575 praesidiis.
509 3512 576 3574 per.

666 3623 847 3704 Praefattb.

192 3740 243 3804 (θ
266 3749 399 3803 aeterne
414 3739 504 3803 deus.
550 3737 616 3821 Qui
638 3748 696 3800 tuo
718 3736 926 3800 inenarrabili
947 3758 1082 3802 munere
1099 3737 1291 3820 praestitisti
1308 3748 1343 3800 ut

147 3836 267 3890 natura
297 3826 443 3889 humana
472 3826 514 3887 ad
552 3824 801 3888 similitudinem
840 3826 886 3886 tui
923 3827 1058 3889 condita
1087 3827 1256 3889 dissimilis
1287 3846 1345 3907 per

147 3924 322 3997 peccatum
333 3926 367 3977 et
380 3925 520 3976 mortem
536 3910 661 3975 effecta
679 3930 887 3991 nequaquam
906 3913 938 3973 in
955 3926 1089 3976 aeterna
1105 3913 1344 3996 dampnatione

149 4002 277 4083 periret
300 4002 358 4064 sed
390 4001 479 4063 unde
507 4006 681 4082 peccatum
713 4011 852 4060 mortem
886 4011 1107 4064 contraxerat.
1132 4002 1208 4064 inde
1238 4002 1344 4063 uitam

149 4104 209 4151 tua
231 4088 338 4169 pietas
361 4088 510 4151 inmensa
532 4094 706 4168 repararet.
730 4095 764 4146 et
786 4086 922 4166 antique
945 4088 1082 4167 uirginis
1106 4088 1240 4151 facinus.
1257 4108 1346 4149 noua

149 4185 184 4237 et
210 4174 405 4237 intemerata
429 4175 524 4256 uirgo
550 4173 652 4235 maria
682 4172 795 4253 piaret.
861 4172 957 4253 Quae
981 4174 1024 4236 ab
1048 4178 1168 4257 angelo
1192 4176 1346 4238 salutata.

150 4261 195 4323 ab
209 4261 340 4343 lspiritu
357 4271 473 4323 sancto
488 4260 695 4324 obumbrata.
713 4258 804 4321 illum
821 4260 957 4341 gignere
973 4264 1099 4326 meruit.
1112 4264 1168 4346 qui
1202 4262 1259 4345 [lo.
1280 4280 1347 4326 100.

150 4356 273 4411 cuncta
294 4348 384 4412 nasci
406 4367 468 4411 suo
490 4358 573 4411 nutu
596 4347 767 4409 concessit.
822 4348 918 4429 Quae
942 4350 1123 4415 mirabatur
1146 4361 1179 4415 et
1202 4352 1349 4433 corporis

152 4434 376 4519 integritatem
416 4443 451 4498 et
486 4443 665 4517 conceptus
702 4432 950 4499 secunditatem.
980 4438 1216 4521 gaudebatque
1253 4458 1349 4501 suurn

154 4524 303 4607 paritura
316 4532 489 4605 parentem
506 4522 611 4585 iesum
628 4520 788 4583 christum
805 4522 978 4586 dominum
995 4537 1154 4591 nostrum.
1167 4548 1226 4611 per
1241 4544 1349 4609 quem.
