3038 5106
419 368 537 419 HEBD.
571 370 598 419 V.
621 370 758 432 QUADR.
803 371 918 421 FERIA
945 372 998 422 III.

609 594 728 659 Fatua
753 597 767 660 l
774 596 797 660 1.

149 730 330 797 Sanctifica
359 753 539 817 quesumus
569 734 704 797 domine
744 745 857 798 nostra
886 736 1014 799 ieiunia.
1046 747 1079 800 et
1110 747 1303 803 cunctarum

106 818 204 882 nobis
220 822 383 903 propitius
399 822 640 903 indulgentiam
658 821 775 903 largire
791 822 971 905 culparum.
984 844 1043 906 per
1058 826 1240 889 dominum.

640 971 776 1035 Secreta.

152 1080 310 1146 Concede
334 1083 430 1145 nobis
453 1082 589 1146 domine
612 1083 695 1146 deus
719 1094 832 1145 noster
857 1093 894 1146 ut
921 1082 1002 1146 haec
1019 1083 1128 1145 hostia
1153 1084 1307 1147 salutaris

104 1180 140 1231 et
157 1182 343 1232 nostrorum
361 1169 419 1232 fiat
441 1172 596 1252 purgatio
622 1170 817 1234 delictorum
834 1186 868 1233 ct
885 1180 961 1233 tuae
977 1172 1171 1253 propitiatio
1188 1173 1304 1235 maies-

106 1256 195 1319 tatis.
212 1276 270 1339 per
281 1258 463 1319 dominum.

618 1386 798 1466 Praefatio.

151 1497 201 1562 (D
225 1507 357 1559 aeterne
380 1498 469 1561 deus.
516 1496 566 1560 Te
596 1498 790 1580 suppliciter
816 1507 1002 1561 exorantes.
1027 1508 1064 1562 ut
1089 1501 1135 1562 sic
1160 1499 1304 1563 sanctifi·

106 1593 226 1647 centur
251 1595 363 1647 nostra
388 1585 515 1647 ieiunia.
543 1604 610 1667 quo
634 1595 827 1648 cunctorum
860 1586 955 1647 nobis
986 1598 1197 1668 peccatorum
1229 1609 1304 1671 pro-

105 1672 218 1733 ueniat
250 1670 463 1751 indulgentia.
484 1672 642 1752 quatinus
667 1672 956 1753 adpropinquante
987 1675 1146 1755 unigeniti
1175 1673 1231 1736 filii
1257 1676 1305 1737 tui

105 1759 261 1839 passione
287 1758 450 1821 bonorum
477 1780 614 1841 operum
646 1757 705 1821 tibi
731 1759 862 1841 placere
890 1759 1059 1822 ualeamus
1089 1760 1304 1825 exhibitione.

105 1866 165 1927 per
180 1843 339 1908 christum
356 1845 528 1908 dominum
546 1856 704 1909 nostrum.

552 1998 615 2061 Ad
625 1998 851 2080 complendum.

149 2106 356 2171 Sacramenti
386 2108 434 2171 tui
464 2129 644 2190 quesumus
675 2110 810 2173 domine
837 2109 1047 2193 participatio
1077 2109 1237 2172 salutaris.
1270 2120 1303 2173 et

105 2194 369 2276 purificationem
387 2196 481 2259 nobis
498 2197 655 2278 praebeat
670 2208 704 2261 et
721 2197 895 2260 medelam.
912 2218 978 2280 per.

564 2354 672 2433 Super
683 2351 847 2433 populum.

150 2476 205 2541 Da
227 2496 408 2559 quesumus
430 2476 566 2538 domine
593 2476 718 2558 populo
744 2478 814 2539 tuo¹
840 2476 980 2538 salutem
1019 2475 1139 2538 mentis
1170 2485 1204 2540 et
1234 2496 1304 2538 cor-

106 2564 201 2645 poris.
218 2576 255 2627 ut
281 2563 378 2626 bonis
405 2564 559 2645 operibus
590 2562 771 2626 inherendo
794 2573 851 2626 tua
878 2583 1008 2645 semper
1036 2572 1200 2626 mereatur
1226 2585 1300 2646 pro-

104 2652 248 2715 tectione
263 2651 405 2714 delendi.
420 2671 479 2733 per
494 2650 674 2713 dominum.

604 2891 722 2954 Fanni
747 2890 813 2955 ΙΙΙ.

147 3030 271 3095 Nostra
286 3028 347 3092 tibi
362 3049 542 3111 quesumus
558 3029 693 3091 domine
708 3028 774 3092 sint
789 3036 927 3110 accepta
943 3028 1071 3091 ieiunia.
1087 3049 1173 3110 quae
1190 3050 1248 3093 nos
1267 3041 1301 3095 et

104 3118 274 3201 expiando
300 3116 421 3199 [gratia
447 3126 505 3178 tua
532 3116 651 3197 dignos
675 3114 827 3178 efficiant.
860 3127 893 3178 et
929 3116 971 3179 ad
998 3118 1142 3179 remedia
1166 3116 1197 3199 [l
1216 3161 1224 3179 .
1251 3132 1299 3199 55.

105 3205 289 3287 perducant
303 3214 444 3266 aeterna.
461 3223 520 3285 per
531 3202 705 3265 dominum
721 3213 880 3264 nostrum.

631 3348 769 3415 Secreta.

147 3480 287 3545 Hostias
310 3477 369 3541 tibi
394 3476 529 3538 domine
553 3473 731 3538 deferimus
757 3473 986 3537 immolandas.
1013 3496 1098 3556 quac
1125 3478 1299 3560 temporali

102 3568 329 3632 consolatione
368 3584 429 3625 nos
466 3562 651 3625 laetificent.
690 3572 726 3625 ut
764 3564 928 3643 promissa
966 3565 1085 3626 certius
1124 3586 1296 3646 speremus

100 3669 242 3721 aeterna
255 3674 314 3737 per
328 3652 510 3715 dominum.

610 3769 790 3849 Praefatae.

145 3901 195 3966 ff)
219 3908 353 3961 aeterne
374 3898 464 3959 deus.
521 3894 567 3956 Et
589 3903 623 3956 te
638 3893 768 3955 deuotis
790 3893 956 3956 mentibus
974 3894 1167 3975 supplicare.
1184 3905 1219 3959 ut
1237 3918 1297 3960 nos

101 3988 238 4051 interius
264 3983 476 4063 exteriusque
501 3991 671 4043 restaures.
698 3991 732 4042 et
759 3981 960 4061 parsimonia
983 3982 1117 4043 salutari
1141 4004 1160 4044 a
1181 4004 1297 4063 pecca-

100 4087 210 4140 torum
241 4071 394 4134 sordibus
421 4090 551 4151 purges.
612 4068 657 4130 Et
677 4087 760 4148 quos
785 4066 995 4129 inlecebrosis
1021 4068 1297 4134 delectationibus

100 4181 168 4225 non
184 4160 235 4224 uis
251 4158 411 4241 impediri.
428 4156 622 4237 spiritalium
640 4154 798 4217 uirtutum
816 4152 916 4217 facias
940 4156 1052 4235 uigore
1076 4159 1202 4219 muniri.
1252 4160 1295 4223 lit

98 4252 146 4311 sic
169 4248 202 4311 in
226 4244 325 4309 rebus
346 4243 541 4307 transitoriis
563 4240 685 4306 foueas.
709 4250 745 4302 ut
768 4242 935 4323 perpetuis
958 4242 1105 4304 inherere
1123 4247 1295 4309 concedas.

99 4356 159 4419 per
173 4334 343 4398 christum.

488 4510 497 4547 ¹
518 4516 571 4565 Tuo
580 4514 663 4565 added
674 4514 755 4567 above
765 4513 809 4565 the
819 4513 877 4565 line.

140 4604 337 4683 Jumlruzs,
