3038 5106
459 353 516 403 DE
541 352 720 405 COMPUTO
743 352 1043 403 ECCLESIASTICO.
1323 368 1355 419 39

152 516 229 591 post
243 517 380 571 centum
397 506 521 589 pascha
536 506 619 568 scire
635 506 726 569 uelis.
742 516 899 587 aepactas
914 516 1046 570 tantum
1070 517 1104 571 et
1120 519 1353 572 concurrentes

153 594 233 659 solis
247 596 320 659 dies
333 596 482 658 inuenire
498 594 618 656 sufficit
634 592 703 656 tibi.
721 593 847 656 Partire
863 604 974 656 autem
991 615 1080 677 cper
1095 596 1158 657 xix
1181 606 1354 658 remanent

153 704 181 746 v.
198 683 271 745 illas
286 702 367 764 ergo
382 691 538 763 aepactas
552 681 736 743 centesimo
747 700 830 761 quas
842 682 960 761 quinto
975 702 1063 743 anno
1074 681 1207 745 suturas.
1222 683 1351 745 Eodem

156 770 258 833 modo
288 789 306 832 c
336 789 395 851 per
424 769 469 831 vii
499 768 612 830 diuide
643 768 789 831 adiciens
820 779 973 848 quartam
1003 779 1133 850 partem
1172 770 1351 832 centenarii

155 856 283 919 numeri
314 866 348 918 et
371 864 527 937 aepactas
552 854 632 916 solis
655 855 884 937 praecedentis
915 856 993 917 anni
1031 857 1185 936 quotiens
1218 877 1285 919 una
1319 857 1352 919 in

153 944 321 1026 praesenti
348 961 438 1004 anno
461 961 528 1004 non
553 942 738 1004 occurrerit.
766 962 822 1004 eas
844 943 1027 1005 centesimo
1049 963 1132 1024 quas
1159 944 1234 1006 xvi0
1264 963 1352 1006 anno

154 1040 389 1093 concurrentes
405 1028 483 1091 solis
499 1029 656 1092 inuenies.

199 1115 235 1181 Si
261 1119 312 1179 uis
337 1118 485 1179 inuenire
507 1126 739 1179 concurrentes
763 1115 795 1178 in
820 1114 873 1189 xii
895 1115 950 1177 kal
974 1117 1084 1198 aprilis
1107 1118 1235 1197 require
1258 1127 1292 1180 et
1319 1117 1352 1179 in

154 1202 303 1286 aequali†
318 1202 398 1266 seria
421 1203 457 1265 ix
480 1201 544 1264 kal.
568 1201 681 1284 aprilis
705 1203 877 1265 euenerint
903 1212 951 1266 tot
977 1215 1210 1267 concurrentes
1233 1206 1352 1267 eodem

153 1311 243 1355 anno
258 1290 405 1353 habebis.

198 1379 243 1443 Et
258 1379 393 1460 qualem
411 1376 523 1439 lunam
541 1378 573 1439 in
591 1377 627 1438 xi
643 1376 706 1438 kal.
723 1376 836 1459 aprilis
860 1377 1026 1439 inueneris
1049 1377 1151 1440 talem
1176 1387 1351 1461 aepactam

153 1464 291 1529 habebis
306 1465 426 1526 eodem
441 1484 539 1527 anno

198 1552 320 1614 Annus
335 1551 522 1613 communis
538 1550 640 1613 habet
656 1551 726 1613 dies
742 1550 865 1614 cccliiii.

198 1638 320 1701 Annus
335 1638 451 1701 solaris
466 1636 568 1701 habet
584 1638 655 1700 dies
670 1637 793 1700 ccclxv.

195 1725 318 1789 Annus
333 1724 522 1788 embolismi
538 1723 639 1787 habet
654 1725 725 1787 dies
739 1724 921 1799 ccclxxvii

154 1900 280 1963 scilicet
297 1900 386 1962 xxix
409 1899 667 1962 obseruandam1
685 1899 832 1960 maxime
853 1909 1051 1963 censuerunt
1084 1908 1120 1962 ut
1143 1919 1353 1980 quocumque

155 2004 268 2051 eorum
281 1986 337 2049 die
352 1985 432 2049 luna
447 1996 527 2049 nata
542 1984 640 2048 luerit
656 1984 777 2049 efficiat
792 1987 937 2067 primum
962 1987 1085 2049 mensis
1108 1987 1238 2049 initium
1261 1987 1353 2049 cuius

154 2160 231 2223 luna
248 2160 317 2223 xvi.
341 2159 558 2224 sestiuitatem
582 2159 773 2241 paschalem
797 2161 868 2222 sine
894 2161 1113 2242 ambiguitate
1139 2159 1351 2223 caelebrabis.

156 2247 268 2309 xiiiiam
285 2267 384 2329 porro
409 2247 488 2309 luna
513 2247 636 2309 mensis
651 2247 799 2309 eiusdem
816 2266 836 2308 a
852 2268 898 2309 xv
914 2246 977 2309 kal.
1001 2267 1068 2329 apr.
1094 2267 1197 2328 usque
1221 2248 1253 2309 in
1277 2248 1352 2309 xvi0

155 2334 218 2398 kal.
234 2335 313 2397 mai.
329 2335 550 2398 adserendum
566 2353 639 2396 esse
654 2334 861 2396 seruandam.

197 2419 325 2485 Sancta
361 2421 497 2483 sinodus
535 2420 591 2483 ubi
629 2422 768 2483 cccxviii
799 2419 971 2501 pontifices
1008 2421 1064 2502 qui
1102 2421 1191 2502 apud
1223 2420 1350 2483 niceam

153 2508 324 2572 ciuitatem
340 2506 515 2591 (bithiniae
525 2518 752 2570 conuenerunt
764 2507 960 2570 inlustrante
975 2508 1092 2589 spiritu
1108 2518 1224 2569 sancto
1234 2506 1290 2589 [so.
1302 2524 1351 2569 22.

153 2594 293 2658 firmiter
307 2604 499 2658 sanxerunt.
515 2594 558 2656 ab
580 2595 652 2658 viiia
675 2596 749 2657 idus
773 2604 865 2658 mart.
891 2614 994 2676 usque
1017 2596 1049 2656 in
1073 2595 1162 2656 diem
1188 2614 1263 2658 non.
1285 2615 1352 2676 apr.

152 2684 242 2765 quod
269 2692 347 2744 sunt
374 2683 445 2744 dies
469 2682 558 2744 xxix
582 2682 834 2763 qualiscumque
858 2681 936 2744 luna
967 2690 1044 2744 nata
1075 2681 1172 2744 luerit
1201 2682 1353 2764 perhibet

153 2768 261 2832 iacere
276 2769 408 2832 initium
424 2768 520 2851 primi
537 2769 667 2831 mensis,

198 2855 344 2921 Sanctae
369 2856 549 2918 memoriae
575 2854 765 2937 theophilus
795 2855 1031 2917 alexandrinus
1061 2855 1236 2937 episcopus
1266 2855 1353 2917 datis

153 2942 304 3026 epistolis
319 2943 361 3005 ad
378 2942 587 3005 theodosium
605 2943 837 3024 imperatorem
863 2942 894 3003 in
918 2962 985 3023 quo
1008 2942 1209 3004 adnuntians
1231 2941 1274 3003 ab
1297 2942 1352 3003 viii

154 3030 196 3093 id.
213 3049 293 3093 mar.
311 3050 415 3111 usque
432 3030 464 3091 in
481 3029 570 3092 diem
588 3048 662 3092 non.
680 3050 745 3111 apr.
763 3029 833 3090 dies
849 3028 976 3091 scilicet
997 3028 1085 3091 xxix
1101 3029 1351 3110 qualiscumque

154 3116 233 3181 luna
249 3126 330 3180 nata
345 3116 442 3179 luerit
459 3117 490 3178 in
507 3115 656 3197 quolibet
674 3117 784 3179 medio
799 3117 908 3197 spatio
924 3114 1075 3197 perhibet
1093 3114 1197 3177 iacere
1221 3116 1351 3177 initium

155 3292 221 3355 mai
242 3290 393 3353 sollerter
419 3291 538 3372 inquiri
565 3292 666 3353 ctiam
691 3291 718 3351 si
746 3291 800 3352 die
825 3290 1039 3352 sabbatorum
1065 3290 1215 3351 inciderit
1238 3309 1352 3351 conse·

154 3378 270 3461 quenti
286 3378 341 3441 die
356 3378 531 3440 dominico.
549 3377 581 3439 id
597 3386 648 3439 est
664 3378 742 3439 luna
758 3398 804 3438 xv
819 3377 943 3458 pascha
958 3376 1144 3439 caelebrare
1160 3377 1353 3458 conscripsit

154 3552 302 3615 euenerit
318 3553 390 3633 ipsa
401 3550 590 3614 ebdomada
600 3551 829 3613 transmissum
841 3551 882 3612 ad
896 3550 1036 3613 alterum
1048 3550 1135 3611 diem
1147 3551 1350 3613 dominicum

154 3638 279 3720 pascha
293 3637 479 3701 caelebrare
494 3638 565 3700 sine
581 3638 683 3700 dubio
698 3637 899 3718 conscripsit.

200 3725 263 3788 Est
292 3736 326 3787 et
350 3725 440 3788 aliud
473 3724 667 3807 exemplum
699 3725 740 3787 de
770 3725 865 3787 initio
895 3724 990 3806 primi
1024 3724 1146 3786 mensis
1176 3733 1213 3786 ut
1250 3733 1353 3806 quota

157 3810 234 3876 luna
260 3810 357 3875 luerit
394 3813 427 3874 in
466 3812 529 3875 kal.
568 3814 631 3874 ian.
669 3821 720 3874 tot
757 3812 828 3874 dies
865 3813 908 3874 de
946 3831 1060 3873 mense
1098 3832 1179 3873 mar.
1217 3812 1249 3873 in
1288 3810 1352 3873 fine

155 3899 365 3981 computabis
391 3908 424 3962 et
449 3899 597 3961 inuenies
621 3897 733 3980 procul
759 3898 862 3961 dubio
889 3898 1002 3961 lunam
1033 3909 1065 3960 ct
1096 3899 1226 3961 initium
1255 3899 1350 3980 primi

157 3988 279 4049 mensis
294 3995 425 4069 praeter
440 3996 569 4048 tantum
580 3996 647 4048 tres
663 3994 790 4047 aetates
806 3985 904 4047 lunae
919 3986 982 4047 hoc
999 3994 1048 4047 est
1064 3986 1148 4047 xxvi
1164 3997 1198 4047 et
1214 3986 1302 4047 xxix
1318 3995 1352 4048 et

156 4074 259 4136 xxvii.

198 4158 398 4241 Quaerenda
410 4168 462 4223 cst
485 4159 641 4222 natiuitas
665 4159 742 4235 lune
765 4159 867 4220 xiiiiae
889 4159 932 4220 ab
954 4159 1009 4222 viii
1027 4158 1141 4222 iduum
1158 4159 1349 4220 martiarum

156 4248 307 4329 usquein
325 4266 400 4310 non.
416 4265 484 4329 apr,
500 4267 586 4327 quae
601 4247 697 4329 primi
720 4247 841 4308 mensis
865 4266 1026 4308 nouorum
1052 4246 1180 4307 initium
1204 4246 1351 4308 ostendit

153 4352 174 4395 a
188 4334 253 4397 xiia
267 4353 348 4398 uero
363 4332 427 4397 kal.
438 4353 506 4415 apr.
517 4354 621 4415 usque
636 4334 669 4396 in
686 4334 751 4395 xiia
766 4332 830 4396 kal.
847 4334 920 4395 mai.
935 4334 966 4395 in
983 4351 1193 4414 quacumque
1209 4332 1262 4395 die
1279 4332 1338 4394 xiii

457 4544 464 4579 ¹
482 4550 585 4599 Altererl
598 4558 624 4599 lo
634 4549 814 4599 ohserrrarrdmrr
827 4550 858 4613 lry
871 4549 932 4597 later
944 4548 1021 4598 hand.
