3038 5106
208 334 290 385 XIII.
318 334 403 385 ΚΑΙ..
432 334 515 385 Fan.
545 335 632 387 Nar.
663 336 708 386 SS.
740 335 904 387 FABIANI
928 336 985 385 ET
1007 336 1241 387 SEBASTIANI.
1281 347 1327 403 153

661 499 798 565 Secreta.

174 610 289 676 Sancti
305 612 433 676 antonii
449 611 645 676 confessoris
661 613 708 676 tui
724 633 904 694 quesumus
919 612 1055 675 domine
1070 631 1181 675 annua
1196 611 1329 675 sollem-

128 699 244 781 pnitas
273 700 388 782 pietati
420 709 497 762 tuae
534 720 594 762 nos
632 701 750 764 reddat
786 710 949 781 acceptos.
982 703 1023 762 'ut
1053 719 1113 782 per
1142 700 1222 761 haec
1254 700 1328 781 piae

131 785 312 849 oblationis
335 784 453 850 officia.
476 796 510 849 et
534 787 626 850 illum
652 787 750 850 beata
779 787 950 850 retributio
975 788 1158 849 comitetur.
1183 797 1216 850 et
1232 786 1328 849 nobis

125 873 257 953 gratiae
272 883 350 936 tuae
365 874 454 937 dona
469 873 628 937 conciliet.
645 894 704 956 per
718 874 900 938 domiuum.

580 1010 644 1073 Ad
653 1010 880 1093 conplendum.

173 1114 282 1195 lDeus
298 1114 445 1178 fidelium
463 1125 688 1178 remunerator
711 1115 896 1177 animarum
923 1126 1055 1197 praesta
1080 1124 1116 1177 ut
1160 1114 1328 1197 [f0.109v.

128 1222 189 1285 per
203 1213 319 1265 sancta
333 1222 419 1283 quae
435 1202 643 1283 sumpsimus
660 1212 693 1265 et
710 1202 797 1265 beati
814 1204 939 1265 antonii
955 1201 1151 1264 confessoris
1164 1202 1210 1264 tui
1227 1212 1328 1283 atque

126 1288 293 1352 monachi.
309 1289 401 1351 cuius
420 1290 643 1351 uenerandam
667 1289 893 1351 caelebramus
917 1288 1139 1352 sestiuitatem.
1156 1289 1328 1372 praecibus

127 1375 370 1458 indulgentiam
387 1395 636 1457 consequamur.
654 1397 713 1459 per
728 1377 901 1439 dominum
918 1388 1076 1440 nostrum.

185 1576 241 1625 xv.
267 1561 358 1624 KAL.
383 1560 490 1621 Fran.
517 1558 673 1621 Names
698 1558 874 1623 Snucene
899 1560 1056 1623 Priscae
1081 1560 1268 1624 Ummium.

175 1696 229 1759 Da
244 1714 423 1776 quesumus
439 1692 650 1774 omnipotens
673 1692 761 1756 deus.
787 1703 822 1756 ut
846 1694 902 1774 qui
918 1694 1016 1771 beate
1032 1694 1158 1775 priscae
1175 1692 1329 1774 martyris

122 1794 208 1847 tuae
223 1781 377 1844 natalicia
392 1779 532 1843 colimus
547 1791 580 1842 et
606 1799 717 1842 annua
743 1780 989 1863 sollempnitate
1011 1781 1171 1844 laetemur
1185 1790 1219 1842 et
1235 1790 1327 1842 tante

122 1870 206 1933 fidei
223 1867 433 1951 proficiamus
449 1866 614 1948 exemplo.
631 1886 697 1949 per.

662 1986 799 2053 Secreta.

176 2093 297 2157 Hostia
323 2091 458 2155 domine
474 2110 654 2172 quesumus
680 2111 782 2173 quam
808 2092 840 2153 in
868 2101 1058 2154 sauctorum
1084 2101 1216 2154 tuorum
1233 2100 1328 2154 nata·

125 2181 212 2244 liciis
228 2190 435 2243 recensentes
452 2177 628 2241 offerimus.
645 2188 678 2241 et
695 2178 827 2241 uincula
843 2188 974 2241 nostrae
991 2179 1163 2260 prauitatis
1176 2178 1328 2240 absoluat

120 2277 162 2331 et
179 2276 255 2331 tuae
272 2268 367 2330 nobis
384 2266 607 2342 misericordie
623 2266 712 2329 dona
728 2266 888 2328 conciliet.
906 2286 965 2347 per
980 2267 1163 2329 dominum.

577 2387 640 2450 Ad
649 2386 878 2467 conzplendum.

172 2490 363 2575 Quesumus
402 2490 538 2553 domine
568 2490 768 2554 salutaribus
799 2490 915 2572 repleti
948 2490 1139 2552 muneribus
1172 2498 1209 2551 ut
1235 2490 1328 2552 cuius

128 2578 329 2661 sollempnia
370 2577 607 2641 caelebramus.
654 2578 724 2641 eius
772 2575 978 2640 orationibus
1027 2577 1231 2640 adiuuemur.
1269 2596 1329 2658 per

121 2666 308 2731 dominum.

186 2868 281 2919 x1111.
306 2857 397 2920 Kar.
422 2857 530 2920 Fassu.
555 2856 792 2922 Snucrouuu
818 2858 972 2920 Manna
996 2871 1043 2920 ar
1069 2856 1270 2918 Mnurnna.

174 2964 309 3030 Exaudi
336 2968 472 3031 domine
497 2968 658 3051 populum
684 2979 778 3032 tuum
803 2989 879 3031 cum
903 2979 1093 3032 sanctorum
1110 2978 1250 3031 tuorum.
1267 2964 1327 3028 tibi

126 3055 314 3135 patrocinio
339 3054 590 3138 supplicantem.
616 3065 652 3118 ut
683 3055 874 3137 temporalis
900 3057 988 3119 uitae
1015 3075 1076 3119 nos
1103 3054 1228 3118 tribuas
1245 3072 1327 3136 pace

125 3141 282 3221 gaudere.
298 3152 333 3205 et
347 3151 519 3206 aeternum
537 3142 702 3224 repperire
717 3144 911 3206 subsidium.
927 3163 993 3226 per.

659 3264 796 3327 Secreta.

174 3366 311 3428 Praeces
326 3366 461 3429 domine
476 3376 608 3429 tuorum
632 3367 757 3449 respice
772 3366 1023 3449 oblationesque
1039 3365 1195 3430 fidelium.
1213 3375 1249 3428 ut
1264 3363 1324 3427 tibi

124 3461 243 3533 gratae
258 3453 325 3514 sint
340 3474 400 3535 pro
415 3462 547 3516 tuorum
572 3452 752 3517 sestiuitate
778 3471 977 3518 sanctorum.
994 3465 1027 3518 et
1043 3453 1139 3516 nobis
1155 3452 1326 3515 conserant

125 3550 207 3601 tuae
221 3540 466 3622 propitiationis
482 3540 655 3604 auxilium.
671 3561 730 3623 per
744 3540 926 3604 dominum.

579 3659 640 3722 Ad
651 3661 876 3742 corrrplendum.

172 3762 371 3827 Sanctorum
403 3774 533 3827 tuorum
569 3764 705 3827 domiue
739 3765 973 3829 intercessione
1003 3765 1163 3847 placatus,
1194 3774 1326 3845 praesta

122 3868 309 3931 quesumus
325 3862 361 3913 ut
376 3870 462 3933 quae
478 3851 652 3934 temporali
677 3851 895 3935 celebrasmus
911 3852 1043 3915 actione
1059 3872 1130 3934 per·
1179 3850 1236 3933 [lo.
1257 3866 1325 3912 110.

124 3945 230 4019 petua
244 3937 428 4001 saluatione
443 3939 623 4021 capiamus,
638 3959 704 4021 per.

216 4134 296 4185 x111.
322 4121 413 4185 Knu.
430 4122 539 4187 Fene.
557 4121 713 4274 Nagnta
737 4121 973 4187 Sauerouuu
998 4122 1159 4185 anmm
1185 4136 1230 4184 ur

641 4224 848 4273 annsrmur.

175 4318 406 4385 Infirmitatem
422 4331 569 4385 nostram
586 4321 711 4404 respice
726 4321 938 4404 omnipotens
954 4321 1044 4384 deus.
1061 4330 1094 4383 et
1106 4321 1184 4403 quia
1195 4320 1325 4402 pondus

123 4408 281 4491 propriae
295 4408 435 4473 actionis
449 4417 579 4491 grauat.
592 4409 680 4471 beati
708 4407 831 4472 fabiani
857 4408 1011 4490 martyris
1034 4408 1082 4471 tui
1099 4424 1199 4489 atque
1215 4408 1324 4489 ponti·

124 4492 207 4557 ficis.
221 4494 413 4559 intercessio
426 4496 571 4579 gloriosa
586 4514 647 4559 nos
663 4504 825 4579 protegat.
840 4515 908 4577 per.
