3038 5106
211 340 263 379 210
492 324 522 375 7.
550 322 601 375 10.
627 321 730 373 sm.
754 320 842 373 mr.
869 320 898 373 S.
923 320 1139 375 ruborum.

230 496 336 562 ¹tuus
359 494 463 563 Seru.
485 498 730 563 Tanusurrro
754 495 896 564 Ssucrr
912 494 1196 562 Arunuuuouor
1219 494 1402 561 Errscorr.

260 626 353 690 Deus
382 628 439 709 qui
469 625 565 690 nobis
597 636 750 690 sanctum
791 624 983 708 pontificem
1018 623 1270 690 atheluuoldum
1300 624 1417 688 salutis
1512 674 1515 681 .

216 723 370 777 aeternae
393 714 563 778 doctorem
587 715 738 778 tribuisti.
762 713 908 776 concede
928 714 1098 795 propitius.
1122 721 1159 776 ut
1180 713 1275 775 cuius
1305 731 1417 775 annua

217 801 443 865 translationis
458 801 656 884 sollempnia
677 799 817 864 colimus
832 801 903 863 eius
918 820 1050 883 semper
1072 800 1196 864 meritis
1218 799 1417 863 adiuuemur

217 897 251 951 et
267 889 446 970 praecibus.
463 908 529 970 per.

752 1006 888 1071 Secreta.

262 1118 464 1184 Sacrificium
481 1130 628 1181 nostrum
646 1119 706 1182 tibi
722 1120 856 1183 domine
871 1138 1058 1201 quesumus.
1074 1120 1178 1182 sancti
1193 1118 1298 1201 patris
1313 1117 1419 1180 nostri

218 1205 421 1270 atheluuoldi
438 1207 591 1289 episcopi.
607 1207 820 1270 commendet
835 1207 949 1269 oratio,
972 1217 1008 1269 ut
1032 1205 1127 1268 nobis
1150 1226 1189 1268 eo
1205 1205 1418 1286 suffragante.

219 1292 276 1357 fiat
308 1295 489 1356 maiestatis
519 1304 596 1355 tuae
627 1293 826 1374 propitiatio
857 1303 891 1356 et
921 1314 941 1355 a
978 1303 1188 1375 peccatorum
1226 1301 1417 1354 nostrorum

218 1390 381 1463 exoptata
396 1381 552 1443 remissio
569 1400 627 1461 per
642 1380 814 1442 dominum
833 1390 989 1442 nostrum.

730 1508 910 1588 Praefatio.

263 1621 312 1684 ff)
354 1630 486 1682 aeterne
531 1621 621 1683 deus.
668 1618 827 1682 Uotiuam
866 1619 955 1683 beati
1000 1619 1165 1702 pontificis
1210 1617 1419 1683 atheluuoldi

218 1707 468 1770 translationem
500 1707 554 1788 pia
585 1706 797 1769 ueneratione
833 1705 1064 1770 caelebrantes.
1095 1716 1131 1770 ut
1147 1702 1264 1788 'quael
1294 1727 1418 1770 cernua

218 1793 395 1857 deuotione
423 1804 610 1856 exorantes.
641 1801 678 1855 ut
708 1793 814 1875 ipsum
849 1814 910 1857 nos
947 1795 1035 1876 apud
1073 1794 1282 1856 clementiam
1322 1803 1417 1856 tuam

218 1881 400 1944 sentiamus
431 1879 552 1941 habere
575 1888 761 1961 patronum.
792 1899 890 1960 quem
915 1890 972 1943 tua
995 1881 1102 1962 gratia
1124 1881 1285 1961 largiente
1300 1881 1418 1943 salutis

217 1977 370 2030 aeternae
388 1967 565 2029 meruimus
580 1967 745 2048 suscipere
761 1968 964 2048 magistrum.
980 1988 1039 2049 per
1060 1967 1217 2030 christum
1241 1967 1417 2030 dominum

216 2064 375 2118 nostrum.

662 2171 693 2234 Α
698 2172 725 2234 d
742 2172 969 2254 conplendum.

263 2285 311 2349 Ut
356 2284 437 2347 haec
482 2304 542 2346 nos
595 2284 786 2346 communio
839 2284 974 2347 domine
1019 2285 1078 2349 tibi
1124 2286 1243 2367 dignos
1277 2283 1417 2369 efficiat.

218 2371 348 2446 lbeatus
364 2380 459 2453 pater
474 2379 586 2432 noster
609 2371 839 2435 atheluuoldus
862 2371 1019 2454 suffragio
1042 2392 1221 2453 quesumus
1244 2369 1300 2454 [lo
1329 2386 1417 2450 150v.

216 2459 289 2541 piae
312 2457 555 2520 intercessionis
570 2457 728 2520 obtineat.
743 2478 802 2540 per
817 2458 989 2522 dominum
1005 2468 1163 2522 nostrum.

287 2649 334 2698 vr.
361 2636 450 2698 Ibus
475 2634 578 2698 Surr.
603 2635 759 2698 Narrare
776 2635 915 2699 Snucrr
940 2636 1109 2700 Aortmru
1136 2637 1342 2700 Manrrrtrs.

261 2749 396 2810 Praesta
427 2767 607 2828 quesumus
637 2747 849 2829 omnipotens
880 2749 962 2811 deus
999 2759 1035 2811 ut
1073 2749 1129 2830 qui
1167 2749 1255 2811 beati
1287 2748 1414 2812 adriani

218 2835 372 2915 martyris
389 2836 435 2896 tui
454 2835 609 2897 natalicia
624 2834 771 2897 colimus.
789 2855 809 2896 a
824 2836 951 2896 cunctis
968 2835 1063 2897 malis
1079 2835 1329 2898 imminentibus
1345 2837 1414 2899 eius

217 2920 506 2984 intercessionibus
523 2921 705 2983 liberemur.
722 2941 781 3003 per
796 2922 968 2984 dominum
985 2932 1143 2985 nostrum.

752 3042 888 3104 Secreta.

264 3152 404 3214 Munera
419 3172 599 3233 quesumus
612 3154 746 3215 domine
757 3152 816 3216 tibi
833 3155 943 3217 dicata
956 3155 1126 3217 sanctifica
1141 3166 1174 3219 et
1190 3155 1416 3218 intercedente

217 3238 318 3302 beato
334 3239 479 3302 adriano.
496 3259 554 3321 per
568 3241 685 3303 eadem
703 3261 763 3303 nos
780 3240 930 3322 placatus
945 3242 1090 3305 intende.
1108 3262 1173 3324 per.

665 3360 696 3422 Α
701 3361 727 3422 d
745 3362 969 3443 complendum.

265 3470 358 3532 Beati
370 3470 495 3532 adriani
507 3471 660 3552 martyris
673 3473 721 3533 tui
734 3473 868 3534 domine
881 3472 1113 3536 intercessione
1123 3473 1418 3555 placatuspraesta

219 3576 408 3656 quesumus.
433 3567 469 3619 ut
493 3558 582 3639 quod
613 3558 839 3639 temporaliter
869 3561 1020 3640 gerimus.
1045 3570 1204 3643 perpetua
1233 3559 1418 3622 saluatione

219 3664 398 3726 captamus.
415 3664 480 3724 per.

285 3812 316 3860 v.
342 3798 432 3861 Inus
456 3797 560 3861 Surr.
586 3798 742 3861 Nauius
764 3797 905 3863 Saucrr
930 3799 1140 3863 Annonam
1164 3801 1345 3863 Enrscorr.

266 3909 357 3972 Deus
380 3910 436 3991 qui
460 3929 520 3971 nos
544 3911 667 3972 deuota
688 3910 777 3973 beati
811 3911 982 3975 audomari
1014 3911 1209 3974 confessoris
1239 3913 1287 3975 tui
1318 3922 1419 3994 atque

222 3995 387 4079 pontificis
416 3997 582 4059 instantia.
613 3997 655 4059 ad
686 3997 890 4079 agnitionem
922 3999 969 4061 tui
1000 3999 1105 4061 sancti
1129 3999 1272 4062 nominis
1298 4020 1419 4062 uocare

222 4084 377 4165 dignatus
407 4102 450 4144 es.
478 4083 826 4165 concedepropitius.
857 4094 893 4147 ut
919 4086 1011 4147 cuius
1042 4085 1239 4168 sollempnia
1270 4085 1418 4150 colimus.

221 4172 321 4233 etiam
339 4169 522 4251 patrocinia
537 4170 727 4233 sentiamus.
744 4191 810 4253 per.

255 4294 262 4326 ¹
275 4297 357 4346 There
369 4311 449 4345 seems
460 4304 487 4345 to
499 4296 530 4346 be
541 4312 573 4346 an
585 4312 684 4346 erasure
695 4297 720 4347 in
732 4297 775 4347 the
787 4298 843 4349 MS.
858 4297 943 4349 before
954 4299 996 4349 the
1007 4299 1077 4349 word
1094 4300 1159 4359 idus,
1179 4299 1220 4349 tbe
1237 4299 1315 4365 ligure
1332 4303 1418 4352 erased

221 4363 313 4425 having
324 4361 387 4411 been
399 4361 545 4475 apparently
556 4378 580 4412 v.
597 4426 603 4438 ·
616 4362 672 4412 The
683 4363 830 4413 translation
840 4362 870 4413 of
878 4363 904 4414 S.
919 4364 1062 4415 Ethelwold
1079 4366 1140 4415 does
1157 4374 1201 4415 not
1218 4381 1234 4414 a
1252 4382 1311 4430 pear
1331 4368 1357 4417 in
1375 4368 1418 4418 the

222 4426 412 4478 Kaleudurolt
431 4426 527 4484 elus..
540 4427 584 4477 but
595 4435 630 4477 rts
638 4427 697 4477 date
708 4427 730 4478 is
740 4428 828 4478 shown
844 4429 879 4492 by
895 4429 938 4478 the
959 4430 1099 4480 Kalendars
1116 4431 1141 4479 in
1162 4430 1204 4480 the
1246 4438 1319 4481 otton
1338 4433 1416 4485 MSS.

221 4492 303 4543 Vitell.
319 4490 349 4541 Ε.
363 4490 430 4541 xviii.
444 4492 494 4542 and
506 4492 579 4542 Titus
590 4492 623 4541 D.
637 4493 712 4545 xxvii.
727 4502 753 4543 to
764 4494 796 4544 be
807 4493 859 4543 iiii.
872 4494 912 4543 Id.
926 4494 991 4559 Sept.
