3038 5106
220 336 254 397 9⁶
512 334 568 383 no
593 333 872 386 cnrrcurrmun
891 332 1131 386 morannum

222 488 373 552 flectitur.
389 486 580 551 caelestium
597 487 800 551 terrestrium
820 497 855 552 et
872 488 1072 553 infernorum
1090 497 1123 552 te
1146 488 1266 553 inuoco
1286 486 1428 553 domine

139 640 143 647 ,
223 597 322 658 super
337 575 421 637 hanc
438 573 596 638 famulam
621 576 726 638 tuam¹
744 578 924 656 perducere
946 597 1020 639 eam
1044 587 1077 639 et
1096 578 1262 640 custodire
1276 576 1427 658 digneris
1449 576 1453 583 '

222 664 266 727 ad
283 664 423 745 gratiam
447 662 605 745 baptismi
621 663 678 726 tui.
725 663 817 745 Ergo
834 663 1011 740 maledicte
1026 673 1183 745 utsupra.

773 786 864 850 Alia.

266 891 358 954 Deus
374 889 541 953 abraham.
557 890 639 953 deus
662 888 758 953 isaac.
774 891 856 954 deus
879 890 982 955 iacob.
998 891 1080 954 deus
1103 891 1158 974 qui
1175 890 1279 955 tribus
1302 891 1423 956 israhel

222 979 265 1041 de
288 978 445 1059 aegyptia
467 977 626 1039 seruitute
649 976 809 1040 liberasti²
831 998 890 1060 per
914 997 1053 1060 moysen
1077 977 1238 1041 famulum
1263 989 1358 1041 tuum
1381 980 1424 1043 de

221 1065 373 1128 custodia
397 1065 629 1126 mandatorum
653 1074 784 1126 tuorum
809 1065 841 1127 in
865 1065 996 1129 deserto
1019 1067 1184 1128 monuisti.
1207 1076 1240 1129 et
1263 1086 1421 1129 susanam

221 1155 263 1216 de
294 1151 378 1214 salso
408 1152 543 1212 crimine
571 1150 723 1213 liberasti.
769 1151 820 1214 Te
843 1152 986 1234 supplex
1017 1152 1196 1234 depraecor
1217 1154 1354 1215 domine
1385 1162 1421 1215 ut

222 1240 340 1302 liberes
371 1247 404 1300 et
434 1237 519 1299 hanc
551 1237 708 1300 famulam
735 1247 827 1300 tuam
854 1249 886 1300 et
912 1241 1090 1320 perducere
1112 1260 1186 1302 eam
1208 1240 1353 1323 digneris
1378 1240 1420 1303 ad

220 1326 360 1408 gratiam
384 1325 541 1406 baptismi
558 1325 614 1388 tui.
660 1324 751 1406 Ergo
767 1325 951 1403 maledicte.

770 1452 863 1518 Alia.

265 1566 430 1631 Exorcizo
446 1574 479 1627 te
495 1565 654 1628 inmunde
670 1564 803 1647 spiritus
819 1587 877 1648 per
888 1577 1016 1648 patrem
1041 1566 1192 1630 etlilium
1209 1576 1243 1630 et
1265 1568 1419 1650 spiritum

221 1664 381 1715 sanctum.
399 1663 435 1714 ut
457 1672 559 1714 exeas
574 1661 608 1714 et
632 1653 765 1715 recedas
784 1652 827 1716 ab
849 1653 911 1715 hac
936 1654 1058 1717 famula
1074 1655 1135 1717 dei.
1160 1655 1230 1736 ipse
1253 1656 1341 1718 enim
1359 1655 1419 1719 tibi

221 1743 362 1821 imperat
393 1738 568 1816 maledicte
595 1739 785 1820 dampnate.
815 1741 871 1821 qui
902 1740 1097 1823 caecofnato
1128 1742 1241 1804 oculos
1275 1741 1307 1824 [s
1327 1793 1333 1805 .
1367 1744 1419 1805 66.

220 1828 348 1908 aperuit
379 1837 412 1888 et
442 1827 497 1906 qui
529 1826 718 1889 triduanum
749 1826 893 1890 lazarum
924 1829 966 1891 de
997 1838 1214 1891 monumento
1236 1830 1420 1893 suscitauit.

223 1915 314 1994 Ergo
332 1912 515 1988 maledicte.

264 2001 315 2062 De
331 2000 391 2061 isto
402 2000 463 2060 loco
486 2000 521 2060 in
544 2008 640 2061 antea
662 2009 730 2062 tam
752 2010 847 2080 super
863 2000 1019 2063 masculos
1039 2022 1138 2082 qnam
1160 2013 1256 2083 super
1267 2002 1418 2083 seminas

220 2087 399 2169 aequaliter
411 2087 740 2166 compleatursacierrs
754 2108 874 2149 crucem
890 2099 985 2169 super
997 2089 1103 2169 capita
1117 2109 1225 2151 eorum
1240 2090 1357 2152 dr'cens.

265 2173 446 2238 Aeternam
477 2193 515 2234 ac
540 2173 751 2236 iustissimam
778 2175 937 2256 pietatem
961 2184 1053 2237 tuam
1077 2177 1258 2257 depraecor
1279 2176 1417 2240 domine

218 2271 353 2325 sanctae
383 2269 478 2341 pater
506 2261 718 2341 omnipotens
748 2270 880 2324 aeterne
905 2261 1008 2324 deus.³
1038 2262 1172 2324 luminis
1202 2271 1236 2325 et
1266 2264 1417 2329 ueritatis

218 2368 317 2431 super
332 2349 419 2410 hunc
435 2346 596 2408 famulum
619 2355 722 2410 tuum.
746 2357 782 2409 ut
805 2347 950 2428 digneris
972 2369 1047 2410 eum
1072 2349 1267 2411 inluminare
1292 2350 1417 2413 lumine

218 2435 464 2515 intellegentiae
487 2442 563 2495 tuae
589 2434 713 2496 munda
743 2455 818 2497 eum
842 2443 875 2497 et
904 2434 1082 2498 sanctifica.
1109 2436 1152 2499 da
1182 2437 1211 2499 ei
1241 2438 1415 2500 scientiam

218 2542 340 2585 ueram.
371 2532 407 2583 ut
435 2522 554 2601 dignus
577 2520 737 2582 efficiatur
760 2523 915 2584 accedere
938 2524 980 2585 ad
1004 2524 1145 2603 gratiam
1170 2523 1327 2604 baptismi
1359 2526 1415 2587 tui.

218 2620 329 2673 teneat
357 2607 485 2670 firmam
509 2627 611 2688 spem.
634 2606 807 2669 consilium
832 2620 965 2671 rectum.
988 2609 1172 2671 doctrinam
1196 2619 1356 2673 sanctam.
1380 2622 1417 2674 ut

218 2708 316 2779 aptus
333 2697 375 2759 sit
390 2697 432 2758 ad
450 2693 697 2777 perficiendam⁴
724 2696 864 2777 gratiam
882 2695 1039 2777 baptismi
1055 2697 1112 2760 tui.
1130 2717 1197 2779 per.

628 2807 810 2870 Secundum
822 2807 1003 2870 Matlrennr.

264 2913 302 2976 In
319 2912 363 2974 ill.
409 2912 629 2992 Respondens
646 2911 731 2972 iesus
754 2910 849 2973 dixit.
896 2910 1064 2975 Confiteor
1080 2910 1139 2973 tibi
1164 2920 1258 2992 pater
1279 2911 1417 2975 domine

218 3000 299 3063 caeli
312 3010 345 3062 et
361 3009 474 3063 terrae.
490 2999 545 3080 qui
562 2998 764 3059 abscondisti
782 2996 862 3060 haec
878 3019 898 3060 a
920 2998 1125 3079 sapientibus
1142 3007 1174 3060 et
1197 2998 1416 3079 prudentibus

218 3097 251 3150 et
275 3087 427 3150 reuelasti
454 3107 493 3148 ea
518 3083 670 3167 paruulis.
718 3083 770 3146 lta
794 3093 889 3166 pater
912 3085 1069 3166 quoniam
1094 3085 1140 3146 sic
1168 3083 1229 3147 suit
1254 3085 1414 3167 placitum

218 3185 296 3237 ante
311 3184 353 3237 te.
399 3173 523 3237 Omnia
540 3172 619 3234 mihi
643 3171 764 3233 tradita
787 3181 863 3234 sunt
886 3191 906 3232 a
929 3180 1023 3253 patre
1047 3183 1175 3234 meoet
1198 3192 1297 3235 nemo
1320 3175 1415 3236 nouit

220 3261 322 3324 filium
355 3262 414 3323 nisi
448 3271 542 3342 pater
566 3278 673 3339 neque
704 3267 832 3339 patrem
863 3258 937 3338 quis
968 3259 1061 3320 nouit
1092 3259 1153 3319 nisi
1178 3258 1272 3320 filius
1295 3270 1330 3322 et
1361 3261 1414 3322 cui

219 3348 359 3411 uoluerit
376 3347 461 3409 filius
485 3345 637 3409 reuelare.
684 3344 807 3408 Uenite
830 3346 871 3407 ad
897 3365 950 3406 me
976 3365 1091 3406 omnes
1118 3347 1173 3425 qui
1202 3344 1360 3408 laboratis
1381 3357 1416 3409 et

217 3435 366 3497 honerati
384 3436 470 3496 estis.
487 3442 519 3495 et
535 3452 598 3514 ego
621 3430 765 3494 reficiam
782 3452 850 3494 uos.
895 3430 1019 3494 Tollite
1043 3432 1154 3513 iugum
1181 3453 1292 3494 meum
1316 3453 1416 3515 super

218 3543 285 3585 uos.
302 3533 334 3584 et
348 3523 463 3583 discite
480 3542 499 3581 a
516 3541 567 3581 me
583 3520 661 3600 quia
679 3519 767 3580 mitis
783 3539 856 3579 sum
870 3528 903 3579 et
919 3518 1052 3579 humilis
1068 3519 1175 3581 corde.
1188 3528 1221 3580 et
1238 3519 1414 3582 inuenietis

218 3610 363 3690 requiem
395 3608 568 3669 animabus
595 3606 720 3668 uestris.
781 3606 901 3686 Iugum
925 3606 1013 3668 enim
1039 3626 1148 3667 meum
1173 3625 1275 3668 suaue
1297 3617 1357 3670 est.
1380 3617 1414 3670 et

215 3716 299 3758 onus
316 3715 425 3757 meum
447 3694 527 3756 leue.

262 3783 359 3844 Pater
374 3791 493 3842 noster.
509 3779 588 3861 ''pos[
591 3826 1012 3842 .........
1015 3777 1028 3861 ]
1042 3789 1137 3859 snper
1149 3789 1244 3860 caput
1272 3780 1415 3861 tnfantt'r

214 3869 302 3931 dz'ca!
315 3866 513 3948 synrbolum[.
559 3916 565 3928 .
611 3864 631 3948 .]
648 3865 781 3946 inponat
794 3865 816 3947 [.
861 3915 867 3928 .
912 3865 933 3947 .]
952 3865 1065 3928 dr'ccns.

260 3955 347 4040 [Nec
360 3966 392 4016 te
409 3955 489 4016 latet
502 3963 635 4014 satanas
661 3953 831 4014 imminere
848 3973 972 4034 poenas
996 3952 1167 4015 imminere
1190 3953 1249 4015 tibi
1266 3952 1323 4036 [fo.
1339 3956 1411 4018 66v.

217 4051 390 4105 tormenta.
408 4041 579 4102 imminere
592 4039 651 4100 tibi
664 4039 752 4101 diem
766 4038 886 4101 iudicii.
897 4040 985 4101 diem
997 4040 1156 4121 supplicii.
1169 4041 1256 4102 diem
1267 4042 1323 4121 qui
1334 4061 1413 4103 uen-

216 4139 308 4193 turus
325 4139 374 4190 est
391 4128 482 4190 uelut
497 4125 646 4188 clibanus
656 4127 782 4189 ardens.
800 4127 831 4188 in
849 4147 915 4207 quo
926 4127 985 4190 tibi
1002 4138 1101 4209 atque
1113 4128 1273 4190 uniuersis
1285 4129 1412 4210 angelis

247 4260 254 4292 ¹
272 4276 303 4316 ut
314 4267 356 4316 lest
368 4275 410 4315 out
422 4266 447 4314 in
462 4264 517 4313 MS.
531 4271 557 4312 at
568 4264 618 4313 end
630 4263 658 4312 ol
672 4263 728 4312 line.

245 4326 256 4358 ²
272 4342 294 4383 et
306 4333 348 4381 left
361 4343 404 4380 out
415 4331 441 4379 in
453 4331 510 4378 MS.

246 4393 257 4425 ³
272 4406 359 4446 auctor
369 4396 412 4445 lelt
424 4404 466 4444 out
479 4395 503 4443 in
515 4394 572 4444 MS.

246 4461 256 4491 ⁴
273 4465 323 4511 For
329 4461 521 4524 percipiendam.

246 4525 256 4556 ⁶
273 4528 335 4577 This
346 4526 427 4576 rubric
439 4526 459 4575 is
471 4541 527 4575 now
539 4524 564 4573 in
576 4532 630 4589 part
641 4523 759 4589 illegible
