3038 5106
523 350 636 401 mssa
658 351 733 401 rao
753 350 927 403 renarro.
1278 362 1327 421 ²95

680 506 773 571 Alia.

169 614 353 681 Benedicat
374 626 409 681 te
422 616 505 681 deus
519 616 612 681 caeli.
628 616 764 682 adiuuet
787 626 821 681 te
845 616 987 682 christus
1012 616 1099 682 filius
1124 617 1179 682 dei
1204 638 1325 701 corpus

125 711 222 766 tuum
231 702 264 765 in
276 724 339 767 suo
347 714 464 767 sancto
479 704 613 769 seruitio
627 704 785 768 custodiri
800 714 835 768 et
849 706 1036 769 conseruari
1052 705 1159 769 faciat.
1176 716 1323 769 mentem

126 800 220 853 tuam
236 790 400 855 illuminet
410 802 444 855 et
459 811 593 855 sensum
608 800 703 855 tuum
719 792 893 856 custodiat.
909 793 1050 874 gratiam
1066 803 1159 856 tuam
1183 793 1225 856 ad
1249 814 1323 876 pro-

126 887 260 941 uectum
271 877 403 940 animae
418 889 496 941 tuae
507 879 540 941 in
555 888 589 943 te
601 888 730 961 augeat.
740 879 784 941 ab
793 880 884 941 omni
898 880 987 942 malo
1001 888 1034 943 te
1047 880 1170 943 liberet.
1183 880 1324 945 dextera

126 961 202 1039 tua†
212 964 380 1028 defendat.
392 967 449 1046 qui
465 975 598 1029 sanctos
610 985 688 1029 suos
703 986 834 1047 semper
849 964 1009 1050 ladiuuat.
1026 968 1096 1049 ipse
1111 976 1145 1030 te
1157 966 1212 1049 [so.
1230 983 1323 1030 212v.

126 1052 286 1115 adiuuare
302 1063 336 1116 et
352 1073 546 1115 conseruare
561 1052 724 1134 dignetur.
740 1053 796 1133 qui
813 1054 897 1116 uiuit
912 1064 945 1116 et
962 1064 1085 1135 regnat.

679 1173 771 1236 Alia.

171 1275 351 1339 Benedicat
374 1286 409 1339 te
423 1278 505 1340 deus
521 1286 622 1359 pater.
638 1278 695 1358 qui
711 1278 744 1339 in
760 1277 923 1359 principio
938 1286 1057 1340 cuncta
1079 1277 1211 1342 creauit.
1227 1278 1326 1341 bene·

125 1362 216 1426 dicat
243 1373 276 1425 te
298 1365 380 1426 deus
408 1362 500 1427 filius.
517 1365 574 1445 qui
598 1364 641 1427 de
667 1365 816 1445 supernis
834 1365 968 1428 sedibus
995 1385 1055 1446 pro
1071 1365 1165 1427 nobis
1181 1365 1328 1428 saluator

125 1450 307 1513 descendit.
332 1450 506 1514 benedicat
536 1462 570 1513 te
600 1451 734 1533 spiritus
763 1462 897 1514 sanctus
927 1450 983 1533 qui
1014 1452 1047 1513 in
1074 1451 1325 1515 similitudinem

125 1536 300 1599 columbae
312 1538 343 1598 in
356 1538 490 1600 llumine
507 1538 651 1601 iordanis
661 1538 821 1618 requieuit
837 1539 870 1600 in
887 1536 1016 1601 christo.
1028 1539 1099 1620 ipse
1114 1540 1170 1620 qui
1188 1540 1219 1601 in
1237 1539 1327 1602 trini-

125 1632 194 1686 tate
210 1625 369 1687 consistit.
385 1644 485 1706 quem
501 1644 618 1687 omnes
634 1634 809 1688 uenturum
825 1635 1007 1707 expectant
1023 1627 1065 1688 ad
1090 1626 1255 1690 iudicium.
1271 1627 1328 1707 qui

126 1730 201 1772 cum
218 1722 319 1792 patre.

169 1796 350 1860 Benedicat
366 1807 399 1860 te
411 1798 492 1861 deus
503 1808 605 1880 pater.
620 1799 783 1862 custodiet
799 1810 832 1862 tc
849 1800 935 1861 iesus
951 1799 1099 1861 christus,
1117 1798 1279 1862 illuminet
1295 1810 1328 1862 te

124 1883 259 1962 spiritus
274 1895 409 1948 sanctus
424 1887 580 1949 omnibus
604 1886 721 1948 diebus
748 1887 836 1949 uitae
863 1897 947 1949 tuae.
965 1885 1138 1948 confirmet
1162 1896 1197 1948 te
1224 1887 1328 1949 uirtus

124 1968 238 2033 christi
268 1971 439 2054 indulgeat
466 1974 525 2035 tibi
556 1973 712 2037 dominus
738 1974 892 2035 uniuersa
922 1972 1044 2036 delicta
1073 1981 1138 2035 tua.
1163 1973 1220 2053 qui
1251 1993 1327 2037 cum

125 2066 227 2138 patre.

432 2218 577 2281 lucrare
602 2218 719 2283 M1ssa
742 2231 814 2282 rao
839 2219 1014 2282 Inrrarro.

171 2338 343 2404 Uirtutum
354 2344 503 2405 omnium
521 2343 603 2406 deus
618 2343 675 2424 qui
690 2343 733 2405 ab
749 2342 902 2405 humanis
916 2342 1107 2423 corporibus
1119 2341 1329 2406 infirmitates

125 2426 267 2509 expellis
284 2430 437 2492 miserere
463 2450 560 2492 seruo
584 2440 642 2492 tuo
667 2440 701 2493 et
726 2430 825 2493 uisita
851 2431 882 2491 in
900 2429 1035 2492 salutari
1052 2438 1111 2492 tuo
1126 2440 1161 2492 et
1176 2430 1329 2493 caelestis

126 2515 252 2596 gratiae
268 2516 375 2578 tribue
392 2518 600 2580 medicinam.

170 2600 292 2666 Beatus
308 2604 365 2684 qui
381 2604 550 2685 intellegit.

658 2715 799 2781 Collecta.

169 2818 393 2901 Omnipotens
409 2820 610 2901 sempiterne
624 2819 713 2882 deus.
729 2819 787 2900 qui
813 2818 969 2881 subuenis
996 2818 1028 2880 in
1057 2818 1209 2901 periculis
1235 2826 1269 2880 et
1294 2818 1327 2881 in

125 2906 378 2969 necessitatibus
395 2905 628 2969 laborantibus.
645 2907 854 2969 maiestatem
877 2916 970 2968 tuam
994 2905 1185 2987 suppliciter
1207 2925 1328 2968 exora-

126 3011 207 3055 mus
219 3002 256 3056 ut
273 2993 404 3055 mittere
414 2994 559 3074 digneris
574 3002 727 3055 sanctum
740 2992 896 3075 angelum
913 3002 1016 3055 tuum.
1027 2990 1086 3055 ill.l
1101 2993 1132 3054 in
1149 2991 1210 3055 hac
1223 2993 1327 3056 domo

123 3080 361 3143 consistentem
378 3080 410 3140 in
427 3081 597 3161 angustiis,
612 3088 646 3142 et
662 3080 913 3143 necessitatibus
936 3081 1003 3142 suis
1026 3080 1232 3142 laborantem
1249 3099 1327 3143 con·

124 3165 343 3229 solationibus
359 3166 497 3228 attollat.
515 3166 635 3247 quibus
650 3175 684 3229 et
699 3167 741 3230 de
757 3168 901 3248 presenti
927 3177 1147 3247 consequatur
1161 3165 1325 3229 auxilium

124 3262 157 3315 et
174 3262 308 3316 aeterna
324 3253 470 3316 remedia
485 3252 762 3335 conpraehendat.
778 3274 843 3335 per.

642 3391 800 3473 Epzitola.

170 3493 310 3558 Fratres.
326 3496 492 3558 Tristatur
512 3495 631 3576 aliquis
648 3506 805 3558 uestrum.

169 3581 257 3657 ΚΕ)
281 3596 418 3676 Exurge
433 3594 568 3657 domine
584 3614 736 3657 succurre
758 3593 833 3657 huic
857 3592 986 3657 infirmo
1009 3604 1043 3657 et
1067 3594 1169 3657 libera
1190 3615 1266 3657 eum
1291 3605 1324 3657 et

125 3699 206 3743 sana
221 3682 291 3744 eius
308 3681 508 3763 languorem.
523 3683 564 3744 V.
601 3681 748 3744 Adiutor
774 3683 806 3743 in
830 3680 1110 3763 oportunitatibus
1134 3682 1166 3743 in
1189 3680 1328 3744 tribula-

124 3768 215 3829 tione
230 3789 328 3850 opem
353 3779 444 3830 tuam
469 3769 576 3831 tribue
592 3767 754 3849 benignus
770 3768 940 3831 auxilium.
984 3767 1138 3830 Alleluia.
1179 3768 1277 3831 Mitte
1292 3770 1321 3830 ei

123 3854 258 3917 domine
273 3855 435 3918 auxilium
451 3855 494 3917 de
509 3864 626 3919 sancto
641 3866 674 3918 et
689 3855 732 3918 de
746 3856 819 3917 sion
834 3866 926 3918 tuere
941 3874 1027 3918 eum.

166 3939 430 4024 [Evangelium]8
475 3943 514 4004 ln
531 3941 573 4004 ill.
599 3942 741 4007 Intrauit
756 3943 842 4005 iesus
856 3943 1088 4025 capharnaum.

169 4026 232 4109 Off
256 4029 402 4091 Domine
411 4029 467 4110 qui
478 4028 644 4111 publicani
654 4029 827 4110 praecibus
835 4040 869 4092 et
878 4026 1037 4102 orationi‘t
1045 4027 1170 4113 placa-l
1185 4027 1290 4111 [soar
1297 4045 1325 4107 3.

123 4124 178 4178 tus
200 4136 243 4178 es
266 4117 322 4198 qui
346 4136 476 4178 socrum
500 4117 585 4199 petri
608 4135 628 4177 a
651 4116 761 4180 lebrae
784 4116 896 4179 ualida
919 4115 1073 4209 liberasti·
1087 4123 1122 4178 et
1145 4115 1240 4179 nobis
1263 4134 1326 4197 pro

122 4200 254 4266 infirmo
268 4202 531 4286 supplicantibus
546 4206 665 4267 adesto
678 4203 821 4266 domine.

157 4317 405 4373 ¹Seen0teonlast
417 4338 489 4387 page.

156 4384 168 4417 ²
183 4388 220 4439 so
231 4387 298 4447 MS;
315 4387 439 4454 probably
454 4387 498 4437 tbe
514 4386 686 4439 abbreviation
696 4387 784 4439 stands
794 4386 832 4437 sor
844 4386 1037 4453 Responron'um
1047 4386 1192 4447 (Μυσίας
1208 4386 1228 4437 it
1236 4400 1327 4437 occurs

124 4452 197 4517 again
209 4452 252 4503 iol
267 4453 339 4503 nov.

154 4516 166 4551 ⁸
179 4518 351 4585 evangelium
361 4518 383 4569 is
393 4524 438 4567 not
449 4516 476 4567 in
485 4516 542 4568 MS.
