3038 5106
331 342 445 395 mssa
468 344 542 396 PRO
563 344 776 397 PETITIONE
800 346 1062 401 LACRIMARUM.
1245 359 1295 414 259

630 500 766 565 Secreta.

137 610 200 673 Per
213 608 274 673 has
285 608 471 674 oblationes
480 630 660 692 quesumus
675 612 818 675 domine.
828 620 865 675 ut
880 632 946 675 non
959 611 1066 676 solum
1077 612 1180 676 oculis
1190 613 1298 678 infun·

91 696 161 761 das.
177 698 236 760 sed
251 706 286 761 et
300 696 390 761 cordi
407 705 521 760 nostro
543 699 682 761 nimium
705 709 916 780 peccatorum
942 699 1065 763 luctum
1090 700 1222 763 tribuas.
1240 722 1298 784 per

92 784 265 848 dominum
283 794 442 848 nostrum.

603 897 783 977 Praesattb.

137 1009 187 1072 ff)
204 1018 337 1072 aeterne
352 1008 441 1072 deus.
488 1008 673 1072 Audientes
689 1010 792 1072 diuini
809 1011 969 1072 sermonis
985 1030 1103 1072 sonum
1121 1010 1295 1075 dicentem.

93 1095 188 1159 Beati
214 1096 269 1176 qui
302 1095 416 1177 lugent
440 1116 536 1158 nunc.
561 1099 718 1176 quoniam
747 1097 807 1179 ipsi
838 1097 1104 1160 consolabuntur.
1128 1146 1132 1155 .
1152 1099 1295 1161 Multum

93 1192 207 1245 nostra
223 1182 300 1245 flere
324 1193 460 1265 peccata
488 1183 721 1246 desideramus,
738 1184 796 1246 sed
824 1204 889 1246 non
918 1194 1056 1266 possunt
1081 1185 1166 1247 oculi
1192 1188 1295 1248 nostri

92 1268 222 1351 lapidei.
239 1279 272 1333 et
288 1280 422 1351 propter
437 1269 545 1332 cordis
556 1270 658 1332 nostri
675 1270 839 1333 duritiam.
853 1271 1023 1333 lacrimare
1034 1291 1100 1333 non
1117 1272 1295 1335 ualeamus.

93 1355 176 1419 Ideo
192 1376 347 1438 rogamus
363 1366 395 1419 te
411 1356 546 1419 domine
559 1366 595 1419 ut
611 1357 736 1419 fontem
752 1355 892 1420 duritiae
908 1358 1015 1420 cordis
1031 1359 1143 1420 nostri.
1153 1360 1296 1441 primum

92 1461 153 1525 per
174 1443 413 1524 poenitentiam
435 1441 611 1517 emollies.l
630 1453 664 1506 et
689 1445 902 1525 postmodum
927 1466 985 1526 per
1006 1446 1132 1508 donum
1156 1444 1296 1528 (gratiae

90 1538 171 1591 tuae
186 1529 333 1592 flamma¹
347 1530 554 1593 lacrimarum
572 1531 692 1593 nostris
707 1531 810 1593 oculis
827 1530 962 1612 largitor
975 1531 1118 1595 infunde.
1137 1531 1192 1614 [so.
1207 1535 1296 1611 187v.

91 1636 151 1699 per
166 1614 333 1680 christum.

548 1728 579 1790 Α
583 1729 610 1790 d
620 1729 843 1810 complendum.

137 1838 283 1921 Corpore
298 1849 332 1903 et
347 1841 508 1922 sanguine
524 1850 582 1903 tuo
598 1842 733 1903 domine
755 1841 836 1904 deus
855 1843 974 1905 satiati.
991 1862 1169 1923 quesumus
1186 1852 1221 1905 ut
1238 1864 1298 1925 pro

93 1926 214 1989 nostris
239 1946 372 2009 semper
386 1928 538 2011 peccatis.
556 1928 651 1990 nobis
678 1929 956 2009 conpunctionem
981 1930 1089 1992 cordis
1114 1938 1147 1992 et
1171 1928 1297 1993 luctum

93 2012 295 2095 fluminaque
327 2014 432 2076 multa
455 2013 662 2077 lacrimarum
691 2015 845 2096 largiaris
869 2016 1024 2097 quatinus
1060 2015 1236 2079 caelestem
1266 2018 1297 2078 in

93 2098 202 2162 futuro
213 2100 475 2163 consolationem
494 2121 685 2164 mereamur.
703 2123 768 2184 per.

332 2306 448 2370 M1ssn
473 2321 543 2369 mo
568 2307 769 2371 Pannona
794 2307 1062 2370 anmnnuun.

138 2431 361 2515 Omnipotens
379 2434 651 2497 mitissimedeus.
662 2435 718 2515 qui
734 2435 857 2498 sitienti
874 2435 998 2517 populo
1014 2435 1139 2498 sontem
1157 2435 1299 2497 uiuentis

95 2539 201 2601 aquae
210 2520 253 2583 de
264 2530 358 2603 petra
373 2520 570 2602 produxisti.
587 2523 670 2583 educ
686 2523 728 2584 de
741 2523 848 2584 cordis
866 2523 968 2584 nostri
984 2522 1105 2585 duritia
1121 2540 1299 2603 compunc-

93 2607 192 2669 tionis
209 2607 368 2669 lacrimas
380 2618 415 2669 ut
428 2619 565 2690 peccata
575 2618 687 2671 nostra
702 2608 858 2690 plangere
869 2609 1046 2671 ualeamus.
1058 2610 1298 2671 remissionem-

93 2713 158 2775 que
174 2704 208 2756 te
225 2695 401 2757 miserante
419 2714 602 2757 mereamur
617 2695 773 2777 accipere.
790 2717 848 2777 per
863 2695 1044 2757 dominum.

631 2833 767 2896 Secreta.

142 2942 239 3005 Hanc
265 2943 365 3024 igitur
390 2944 594 3006 oblationem
622 2964 801 3024 quesumus
826 2945 960 3007 domine
988 2946 1069 3007 deus
1096 2965 1195 3026 quam
1221 2955 1298 3007 tuae

94 3030 260 3093 maiestati
271 3050 331 3111 pro
344 3031 487 3111 peccatis
500 3032 619 3093 nostris
633 3031 798 3094 offerimus
814 3033 976 3113 propitius
986 3033 1118 3115 respice.
1130 3042 1162 3094 et
1174 3033 1298 3114 produc

94 3118 139 3180 de
153 3116 257 3179 oculis
274 3118 394 3180 nostris
410 3117 618 3180 lacrimarum
636 3117 780 3181 flumina.
799 3119 919 3200 quibus
946 3119 1060 3182 debita
1088 3119 1296 3181 flammarum

94 3204 248 3267 incendia
263 3204 396 3266 ualeant
413 3204 572 3285 extingui.
589 3225 648 3286 per
663 3205 846 3268 dominum.

599 3335 779 3415 Praefatio.

140 3446 190 3509 ff)
219 3465 277 3527 per
306 3445 463 3508 christum
495 3447 667 3509 dominum
699 3456 856 3512 nostrum.
903 3446 969 3528 Qui
1000 3447 1135 3509 beatum
1167 3457 1296 3528 petrum

93 3532 283 3614 apostolum
308 3533 440 3613 pietatis
462 3535 608 3615 respexit
630 3535 757 3596 intuitu.
782 3544 817 3596 ut
841 3535 946 3596 trinae
971 3535 1156 3615 negationis
1182 3554 1296 3615 pccca-

94 3628 179 3682 tum.
195 3619 409 3682 amarissimis
424 3619 565 3682 dilueret
581 3619 732 3683 lacrimis.
755 3642 813 3702 per
829 3621 1026 3683 inlusionem
1044 3622 1148 3683 sancti
1165 3621 1297 3701 spiritus

95 3725 158 3788 pro
181 3717 390 3788 peccatorum
416 3716 601 3769 nostrorum
626 3709 771 3789 pondere
796 3709 946 3770 lacrimas
970 3707 1065 3770 nobis
1086 3708 1167 3769 elice
1184 3708 1296 3789 poeni-

96 3792 229 3856 tentiae.
278 3793 325 3856 Ut
350 3813 462 3855 amare
485 3791 675 3856 defleamus
699 3814 784 3875 quae
809 3794 918 3875 inique
942 3795 1110 3876 gessimus.
1135 3804 1297 3875 quatenus

96 3878 282 3942 fructuosus
302 3880 333 3941 in
353 3890 532 3961 conspectu
555 3881 686 3963 pietatis
702 3891 779 3943 tuae
795 3891 927 3944 nostrae
943 3881 1109 3963 petitionis
1126 3882 1296 3962 perueniat

94 3964 244 4029 affectus.
259 3966 374 4047 Atque
390 3987 450 4049 per
464 3987 540 4029 cum
556 3968 651 4030 nobis
670 3968 801 4030 ueniam
818 3988 949 4050 sperare
964 3968 1069 4031 liceat.
1085 3968 1141 4049 qui
1157 3967 1297 4030 traditus

94 4062 148 4117 est
169 4073 230 4136 pro
252 4053 381 4117 delictis
403 4055 531 4117 nostris.
555 4062 591 4116 ut
617 4055 792 4118 redimeret
814 4054 890 4138 lnos
913 4056 945 4116 in
970 4054 1130 4136 sanguine
1153 4053 1208 4136 [s0.
1230 4056 1297 4116 188.

94 4160 158 4203 suo
173 4138 314 4203 christus
330 4140 476 4203 saluator
491 4150 603 4203 noster
617 4160 716 4222 quem
733 4141 876 4204 laudant.

550 4278 581 4341 A
585 4278 613 4340 d
622 4279 846 4360 complendum.

140 4386 346 4455 Sacrificium
362 4389 453 4471 quod
468 4398 545 4453 tuae
560 4389 696 4454 domine
711 4389 792 4453 deus
807 4389 994 4467 obtilimusl
1009 4390 1133 4474 pietati.
1149 4389 1245 4454 nobis
1257 4389 1299 4452 ad

456 4522 465 4557 ¹
482 4526 517 4577 So
529 4525 586 4577 MS.
600 4526 722 4591 probably
733 4526 900 4591 lorstusnina.

1108 4606 1126 4655 S
1150 4608 1168 4653 2
