3038 5106
224 336 275 387 ¹26
468 335 519 387 IX.
550 334 635 385 lm„
665 333 752 385 DEC.
780 332 869 383 NAT.
899 333 927 383 S.
959 332 1185 385 CLEMENTIS.

675 488 739 552 Ad
754 486 980 569 complendum.

274 589 350 655 Sint
365 589 426 654 tibi
442 590 654 671 omnipotens
669 590 751 651 deus
767 598 864 669 grata
879 597 1012 650 nostrae
1027 587 1194 651 seruitutis
1209 586 1379 669 obsequia.
1395 594 1428 649 et

230 676 312 739 haec
328 686 443 740 sancta
458 697 545 759 quae
560 677 771 758 sumpsimus,
787 676 1013 738 intercedente
1031 674 1130 738 beato
1145 675 1338 738 eadmundo
1354 692 1428 754 rege

231 775 264 827 et
281 774 425 915 ιηέηχτε
441 764 568 846 prosint
584 763 680 825 nobis
704 762 746 825 ad
771 761 958 845 capesenda
974 762 1121 843 praemia
1137 761 1225 824 uitae
1241 770 1428 844 perpetuae.

230 871 289 933 per
327 871 484 914 ommum.

288 1034 322 1083 x.
340 1021 431 1084 KAL.
456 1020 543 1083 Dec.
569 1020 724 1083 Names
748 1019 925 1083 Saserna
950 1020 1153 1084 Cnecrmau
1177 1019 1367 1085 Umcmrs.

276 1130 367 1194 Deus
383 1133 439 1214 qui
456 1152 516 1194 nos
532 1152 642 1194 annua
664 1131 783 1193 beatae
805 1131 958 1193 caeciliae
975 1133 1129 1214 martyris
1145 1142 1221 1195 tuae
1237 1131 1430 1215 sollempni-

230 1228 300 1282 tate
324 1218 489 1282 laetificas.
514 1219 558 1281 da
584 1229 620 1281 ut
647 1238 746 1300 quam
771 1239 967 1280 ueneramur
990 1219 1106 1282 officio.
1127 1221 1228 1283 etiam
1254 1219 1329 1302 piae
1352 1240 1430 1282 con-

231 1306 426 1369 uersationis
441 1326 618 1387 sequamur
633 1306 796 1388 exempla.
813 1326 878 1387 per.

765 1424 900 1490 Secreta.

278 1525 372 1589 Haec
395 1524 504 1587 hostia
526 1525 661 1587 domine
683 1524 878 1606 placationis
902 1533 936 1587 et
962 1524 1069 1588 laudis
1084 1546 1263 1607 quesumus
1279 1535 1316 1588 ut
1332 1525 1433 1589 inter-

231 1613 385 1675 ueniente
401 1612 499 1674 beata
514 1612 647 1674 caecilia
670 1621 814 1693 martyre
830 1621 887 1674 tua
903 1633 963 1673 nos
986 1612 1220 1695 propitiatione
1236 1622 1294 1675 tua
1309 1612 1432 1694 dignos

231 1719 362 1782 semper
376 1700 503 1761 efficiat.
520 1720 585 1781 per.

741 1801 923 1882 Praefatio

277 1902 327 1965 ff>
359 1911 492 1964 aeterne
521 1901 610 1963 deus.
666 1899 733 1981 Qui
760 1902 792 1963 in
825 1900 1016 1964 infirmitate
1042 1900 1221 1976 uirtutum†
1243 1900 1374 1985 perficis
1397 1912 1432 1965 et

233 1988 369 2052 humani
400 1989 529 2070 generis
566 1988 735 2050 inimicum
770 2008 836 2050 non
871 1989 978 2050 solum
1010 2009 1068 2070 per
1106 1991 1192 2052 uiros
1230 1991 1289 2052 sed
1326 1990 1432 2052 etiam

231 2095 291 2159 per
317 2075 456 2137 seminas
481 2076 591 2137 uineis.
638 2074 739 2138 Cuius
765 2095 898 2137 munere
915 2075 1021 2149 ,beata
1051 2074 1181 2147 caecili†
1206 2087 1240 2138 et
1267 2077 1300 2138 in
1330 2077 1433 2159 uirgi-

231 2163 345 2225 nitatis
371 2163 542 2244 proposito
566 2170 599 2225 et
624 2161 811 2223 insessione¹
844 2161 919 2224 fidei
954 2161 1133 2225 roboratur.
1161 2173 1196 2225 ut
1227 2183 1288 2224 nec
1310 2164 1434 2225 aetatis

231 2247 356 2312 lubrico
386 2248 428 2311 ab
459 2249 641 2311 intentione
680 2257 831 2311 mutetur.
863 2269 923 2310 nec
962 2249 1211 2325 lblandimentis
1242 2248 1298 2331 [fo
1341 2252 1433 2312 162v.

232 2336 418 2399 carnalibus
434 2335 666 2398 demulceatur.
713 2335 784 2397 Nec
800 2355 901 2397 sexus
913 2335 1089 2416 fragilitate
1100 2338 1311 2400 deterreatur.
1359 2336 1433 2399 Nec

232 2432 472 2485 tormentorum
496 2423 691 2484 inmanitate
714 2422 871 2484 uincatur.
940 2423 1006 2486 Sed
1032 2426 1195 2486 seruando
1218 2424 1365 2506 corporis
1391 2444 1432 2487 ac

232 2511 353 2572 mentis
370 2510 593 2590 integritatem
609 2529 684 2571 cum
702 2509 900 2590 uirginitatis
916 2519 950 2570 et
968 2511 1114 2590 martyrii
1132 2511 1243 2593 palma
1259 2520 1431 2573 aeternam

233 2607 411 2659 mereretur
426 2597 563 2678 adipisci
580 2595 826 2657 beatitudinem.
844 2616 901 2676 per
916 2595 1083 2659 christum.

683 2715 744 2777 Ad
754 2715 977 2796 corrrplcndum.

277 2814 413 2879 Satiasti
429 2816 563 2877 domine
579 2813 737 2876 samiliam
761 2823 852 2876 tuam
878 2815 1068 2877 muneribus
1092 2816 1199 2879 sacris.
1215 2817 1285 2879 eius
1301 2837 1434 2898 semper

233 2902 467 2964 intercessione
494 2922 555 2963 nos
579 2901 699 2963 reloue.
737 2902 829 2963 cuius
866 2901 1064 2983 sollempnia
1101 2904 1337 2965 caelebramus.
1375 2924 1434 2986 per

230 2988 412 3051 dominum.

285 3173 333 3221 1x.
359 3159 449 3220 Kar..
475 3158 561 3221 Dec.
587 3158 742 3219 Names
767 3156 908 3221 Snncm
933 3159 1152 3222 Ceununms
1177 3160 1384 3224 Mnnrvms.

280 3270 371 3333 Deus
381 3273 436 3351 qui
450 3291 510 3332 nos
520 3290 630 3332 annua
640 3269 727 3331 beati
741 3269 912 3332 clementis
926 3273 1079 3352 martyris
1092 3274 1138 3334 tui
1151 3283 1250 3353 atque
1266 3272 1434 3354 pontilicis

235 3358 481 3439 sollempnitate
512 3357 678 3419 laetificas.
709 3358 853 3418 concede
885 3359 1052 3438 propitius.
1084 3369 1120 3422 ut
1150 3362 1241 3421 cuius
1279 3361 1434 3424 natalicia

236 3445 382 3508 colimus.
400 3445 554 3506 uirtutem
571 3464 702 3524 quoque
718 3445 879 3525 passionis
894 3446 1068 3508 imitemur.
1084 3467 1150 3528 per.

769 3563 905 3625 Secreta.

282 3664 422 3727 Munera
458 3662 592 3724 domine
624 3662 736 3723 oblata
774 3662 950 3725 sanctifica.
989 3674 1022 3725 et
1071 3666 1297 3728 intercedente
1334 3666 1435 3729 beato

237 3751 399 3814 clemente
425 3760 568 3831 martyre
592 3759 649 3810 tuo
679 3769 737 3830 per
759 3749 839 3811 haec
867 3770 927 3811 nos
957 3772 976 3812 a
1006 3762 1216 3833 peccatorum
1246 3762 1434 3815 nostrorum

238 3838 374 3901 maculis
389 3839 541 3899 emunda.
558 3856 623 3919 per.

742 3938 917 4021 Praefatio

283 4042 332 4105 (D
365 4049 497 4102 aeterne
527 4039 616 4101 deus.
671 4038 717 4100 Et
747 4039 779 4100 in
812 4040 872 4101 hac
905 4039 1077 4120 gloriosius
1115 4041 1169 4103 die
1206 4061 1306 4121 quam
1346 4042 1434 4104 beati

238 4128 410 4191 clementis
425 4127 535 4208 passio
550 4126 762 4188 consecrauit.
779 4135 811 4188 et
827 4126 923 4188 nobis
939 4127 1159 4189 uenerabilem
1176 4127 1337 4190 exhibuit.
1368 4129 1435 4211 Qui

239 4216 421 4298 apostolica
437 4212 681 4295 praedicatione
708 4211 849 4274 inbutus.
866 4213 1024 4275 doctrinis
1047 4214 1243 4276 caelestibus
1266 4216 1434 4278 educatus.

238 4297 517 4373 successionibus†
531 4299 694 4381 dignitate
710 4301 905 4381 conspicuus
922 4310 955 4362 et
975 4312 1101 4383 martyr
1116 4302 1262 4384 insignis
1279 4312 1313 4366 et
1328 4323 1435 4366 sacer-

239 4390 299 4454 dos
315 4388 442 4453 refulsit
455 4386 614 4470 egregius.
630 4407 689 4468 per
703 4387 870 4449 christum.

572 4496 580 4529 ¹
598 4497 632 4549 So
645 4497 701 4549 MS.
716 4498 838 4563 probably
849 4498 888 4548 lor
898 4499 928 4548 in
939 4499 1091 4565 consessione.
