3038 5106
254 342 361 393 onAr.
386 342 441 392 Al>
462 338 817 391 RECONCILIANDUM
834 337 1122 389 POENITENTEM.
1256 347 1301 398 271

658 492 748 557 Alia.

149 607 346 673 Praeueniat
375 606 463 671 hunc
487 605 648 670 famulum
676 614 770 669 tuum
801 625 982 687 quesumus
1011 605 1147 667 domine
1179 605 1303 668 miseri·

103 696 216 761 cordia
232 706 299 760 tua.
316 705 352 758 ut
367 714 485 757 omnes
501 691 692 775 iniquitates
704 694 774 756 eius
786 693 882 755 celeri
900 692 1106 774 indulgentia
1122 691 1303 755 deleantur.

104 804 163 868 per
178 781 359 848 dominum.

656 900 749 963 Alia.

150 1013 282 1077 Adesto
296 1013 432 1076 domine
448 1012 745 1096 supplicationibus
762 1013 889 1075 nostris.
908 1031 968 1074 nec
984 1011 1026 1072 sit
1042 1010 1085 1073 ab
1101 1010 1163 1073 hoc
1180 1011 1305 1076 famulo

106 1109 166 1165 tuo
181 1101 377 1165 clementiae
400 1110 478 1164 tuae
505 1101 686 1181 longinqua
713 1099 889 1171 miseratio,
906 1118 987 1160 sana
1010 1097 1146 1160 uulnera
1169 1099 1305 1181 eiusque

107 1189 239 1251 remitte
269 1198 413 1270 peccata.
446 1198 482 1250 ut
513 1186 611 1249 nullis
646 1206 665 1248 a
695 1196 729 1247 te
759 1184 988 1267 iniquitatibus
1026 1195 1205 1266 separatus.
1243 1189 1303 1249 tibi

107 1276 244 1340 domino
260 1295 391 1358 semper
406 1275 517 1338 ualeat
533 1274 698 1336 adherere.
717 1293 774 1354 per
789 1273 962 1335 dominum
980 1281 1138 1334 nostrum.

663 1406 754 1469 Alia.

152 1518 297 1581 Domine
320 1520 402 1583 deus
425 1529 545 1582 noster.
561 1520 617 1601 qui
641 1517 823 1581 ofsensione
848 1528 961 1581 nostra
986 1539 1051 1581 non
1080 1521 1220 1583 uinceris
1247 1521 1304 1583 sed

107 1605 332 1669 satisfactione
356 1606 506 1689 placaris.
524 1607 649 1688 respice
665 1626 844 1687 quesumus
861 1606 902 1668 ad
927 1605 1014 1668 hunc
1032 1606 1192 1669 famulum
1209 1616 1304 1670 tuum

106 1694 163 1774 qui
186 1713 222 1755 se
239 1694 297 1756 tibi
321 1714 475 1776 peccasse
498 1694 642 1774 grauiter
663 1691 846 1756 confitetur.
892 1691 1003 1757 Tuum
1027 1703 1077 1756 cst
1101 1694 1304 1757 ablutionem

108 1780 283 1844 criminum
314 1781 402 1843 dare.
435 1791 467 1843 et
495 1782 626 1843 ueniam
658 1790 824 1862 praestare
855 1780 1070 1861 peccantibus
1100 1782 1156 1862 qui
1188 1782 1304 1844 dixisti

108 1867 348 1949 poenitentiam
365 1878 398 1931 te
415 1867 513 1929 malle
529 1877 739 1948 peccatorum
753 1887 853 1948 quam
871 1876 1019 1929 mortem.
1059 1867 1213 1931 Concede
1226 1890 1306 1949 ergo

107 1953 244 2017 domine
267 1954 329 2016 hoc
347 1965 383 2017 ut
406 1955 465 2017 tibi
489 1955 713 2036 poenitentiae
737 1954 897 2016 excubias
923 1954 1074 2018 celebret.
1091 1966 1124 2017 et
1152 1957 1306 2018 correctis

107 2040 237 2104 actibus
252 2042 320 2104 suis
336 2041 474 2104 conferri
492 2042 553 2102 sibi
577 2061 596 2103 a
617 2052 651 2104 te
666 2042 868 2122 sempiterna
893 2041 1015 2121 gaudia
1039 2041 1230 2121 gratuletur.
1248 2064 1306 2124 per

107 2127 289 2192 dominum.

193 2344 340 2411 Ounno
364 2361 414 2409 sn
438 2348 747 2410 Recorrnuunuu¹
774 2346 1057 2410 l'osmruursu.
1106 2348 1221 2409 Fizxrn

434 2432 653 2515 Quisnam
679 2434 810 2498 Casus
835 2433 991 2496 Dourur.

155 2574 286 2637 Adesto
302 2575 437 2638 domine
452 2575 927 2656 supplicationibusnostriset
945 2595 998 2637 me
1009 2575 1065 2656 qui
1084 2575 1307 2638 misericordia

112 2671 170 2724 tua
185 2663 311 2743 primus
336 2662 469 2743 indigeo
500 2663 680 2724 clementer
703 2662 834 2724 exaudi.
859 2672 894 2723 ut
917 2682 1016 2743 quem
1048 2682 1114 2723 non
1147 2662 1307 2725 electione

111 2749 226 2810 meriti.
243 2750 301 2811 sed
312 2752 402 2811 dono
420 2750 546 2829 gratiae
562 2758 639 2810 tuae
655 2748 854 2811 constituisti
871 2750 980 2830 operis
996 2748 1092 2811 huius
1112 2750 1307 2812 ministrum.

111 2834 154 2897 da
171 2832 326 2898 fiduciam
342 2836 390 2898 tui
408 2836 552 2897 muneris
568 2835 765 2916 exequendi.
782 2844 815 2896 et
838 2836 908 2917 ipse
933 2836 964 2896 in
988 2845 1101 2898 nostro
1127 2836 1309 2897 ministerio

110 2923 201 3002 quod
228 2932 304 2985 tuae
329 2923 462 3004 pietatis
479 2931 529 2984 est
545 2942 688 3003 operare.
706 2942 764 3003 per
779 2922 960 2984 dominum.

663 3059 752 3121 Alica

158 3170 290 3233 Praesta
316 3191 496 3251 quesumus
523 3170 658 3232 domine
689 3170 763 3234 huic
790 3170 915 3232 famulo
942 3182 1000 3233 tuo
1027 3170 1164 3249 dignum
1197 3172 1309 3252 poeni-

112 3259 251 3340 [tentiae
285 3257 435 3320 fructum.
468 3268 504 3320 ut
530 3257 709 3319 aecclesiae
735 3268 812 3320 tuae
835 3266 970 3320 sanctae
994 3280 1014 3320 a
1036 3258 1128 3320 cuius
1152 3255 1210 3342 [so.
1242 3258 1308 3338 196.

112 3345 300 3425 integritate
323 3345 472 3407 dcuiarat
507 3345 683 3426 peccando
715 3345 935 3407 admissorum
967 3344 1124 3407 reddatur
1154 3345 1310 3406 innoxius

112 3432 244 3494 ueniam
261 3433 504 3512 consequendo.
522 3451 586 3513 per.

669 3548 758 3609 silita

157 3660 248 3722 Deus
279 3659 415 3722 humani
446 3661 574 3741 generis
605 3660 840 3740 benignissime
871 3662 1030 3723 conditor.
1065 3672 1098 3723 et
1130 3663 1310 3723 misericor-

113 3747 248 3810 dissime
271 3745 472 3809 resormator.
496 3747 552 3827 qui
576 3746 744 3809 hominem
769 3748 893 3809 inuidia
916 3748 1039 3811 diaboli
1055 3750 1099 3810 ab
1115 3750 1310 3811 aeternitate

113 3834 284 3896 deiectum.
304 3834 390 3895 unici
409 3832 465 3896 filii
481 3835 529 3896 tui
539 3835 700 3915 sanguine
717 3834 892 3897 redemisti.
904 3833 1035 3896 uiuifica
1047 3835 1134 3897 hunc
1148 3835 1309 3897 famulum

114 3929 207 3983 tuum
231 3940 330 4001 quem
355 3920 543 3983 nullatenus
568 3921 649 3983 mori
673 3920 849 3983 desideras.
873 3931 906 3983 et
932 3923 988 4002 qui
1016 3941 1082 3983 non
1110 3922 1311 4003 derelinquis

114 4007 248 4070 deuium
264 4027 397 4071 assume
417 4016 608 4070 correctum.
656 4007 816 4070 Moueant
840 4008 998 4089 pietatem
1015 4018 1106 4072 tuam
1131 4028 1310 4089 quesumus

113 4093 248 4156 domine
270 4094 366 4156 huius
390 4093 504 4156 famuli
531 4095 578 4156 tui
604 4094 778 4157 lacrimosa
804 4095 952 4176 suspiria
999 4095 1050 4158 Tu
1081 4095 1151 4158 eius
1179 4097 1310 4159 medere

113 4181 310 4244 uulneribus.
356 4180 409 4244 Tu
436 4181 556 4243 iacenti
584 4201 720 4243 manum
746 4183 877 4263 porrige
899 4182 1086 4244 salutarem.
1110 4202 1151 4244 ne
1173 4183 1311 4259 ecclesia

114 4276 172 4329 tua
186 4266 298 4349 aliqua
321 4268 371 4330 sui
398 4268 544 4350 corporis
568 4269 721 4350 portione
744 4279 899 4332 uastetur.
951 4269 998 4331 Ne
1020 4288 1102 4351 grex
1119 4279 1195 4331 tuus
1211 4270 1309 4332 detri-

116 4364 264 4418 mentum
280 4354 451 4419 sustineat.
464 4373 505 4418 ne
523 4354 566 4418 de
582 4354 726 4417 familiae
741 4365 818 4418 tuae
833 4355 982 4438 dampno
1005 4355 1158 4419 inimicus
1172 4356 1310 4420 exultet.

359 4514 367 4547 ¹
384 4520 420 4569 So
432 4518 489 4569 MS.
504 4518 626 4584 probably
638 4520 671 4583 by
682 4534 715 4569 an
726 4534 793 4569 error
805 4518 842 4568 sor
854 4518 1072 4569 reconcilrirndunr.
