3038 5106
60 823 396 985 [llllSSllLE
434 832 740 968 ROBERll
780 822 1414 982 GEllllEllCENSlSl

297 1236 365 1320 lur.
391 1238 480 1301 tuus
504 1237 594 1301 Am.
620 1238 776 1301 Narnia
802 1237 943 1301 Sauum
967 1236 1175 1302 Guruunct
1237 1235 1293 1319 [io.
1314 1254 1338 1299 1.

183 1371 319 1437 Adiuua
334 1394 395 1437 nos
418 1375 553 1437 domine
568 1376 802 1458 deprecatione
817 1385 1007 1438 sanctorum
1032 1386 1164 1439 tuorum
1189 1385 1222 1438 et
1245 1395 1338 1457 prac-

134 1460 234 1541 cipue
264 1461 361 1524 huius
392 1461 480 1524 beati
512 1461 625 1525 famuli
656 1464 704 1526 tui
735 1463 882 1545 guthlaci
917 1463 1088 1545 presbiteri
1127 1472 1229 1544 atquc
1259 1481 1337 1523 ana·

134 1546 284 1611 choritac
311 1549 544 1611 intercessione
574 1570 755 1631 quesumus
785 1550 828 1612 ab
851 1550 941 1612 omni
966 1549 1167 1612 aduersitate
1191 1559 1336 1631 protege.

134 1634 231 1697 cuius
242 1634 341 1697 hodie
351 1635 645 1717 sollempnitatem¹
659 1638 747 1700 diem
761 1657 837 1699 cum
848 1637 972 1699 laetitia
982 1636 1120 1718 spiritali
1132 1656 1337 1699 ueneramur.

135 1732 175 1784 ut
190 1742 332 1803 quorum
349 1720 433 1784 festa
448 1722 593 1804 gerimus
609 1724 792 1786 sentiamus
808 1724 979 1786 auxilium.
996 1743 1062 1805 per.

652 1834 819 1917 [Secreta]

182 1936 325 2019 Respice
340 1938 475 2001 domine
487 1938 648 2020 propitius
660 1938 852 2021 superhaec
865 1958 1010 2001 munera.
1021 1959 1107 2020 quae
1119 1958 1180 2020 pro
1189 1940 1338 2001 omniurn

134 2032 327 2088 sanctorum
355 2035 497 2089 tuorum.
527 2034 561 2087 et
587 2026 773 2108 specialiter
797 2046 858 2107 pro
883 2026 970 2088 beati
995 2026 1142 2106 guthlaci
1166 2026 1338 2107 presbiteri

134 2123 238 2194 atque
264 2111 475 2174 anachoritae
502 2112 594 2174 cuius
631 2112 731 2176 hodie
761 2113 951 2175 ueneranda
981 2122 1031 2175 est
1056 2112 1218 2176 sestiuitas
1250 2133 1340 2176 com·

136 2199 377 2261 memoratione
401 2198 588 2262 deserimus.
604 2209 638 2262 et
653 2220 714 2283 pro
729 2200 850 2263 nostris
865 2198 1103 2261 offensionibus
1119 2199 1339 2263 immolamus.

137 2306 204 2367 per.

646 2372 826 2454 Praefatio.

183 2475 234 2539 ff)
249 2485 382 2538 aeterne
397 2474 488 2538 deus.
526 2475 643 2559 Teque
659 2477 829 2539 maximae
844 2476 943 2539 hodie
960 2476 992 2538 in
1009 2475 1106 2538 huius
1122 2474 1211 2540 beati
1224 2476 1338 2539 samuli

137 2562 186 2625 tui
210 2562 357 2644 guthlaci
388 2562 559 2644 presbiteri
590 2573 624 2627 et
658 2564 871 2627 anachoritae
897 2563 1054 2625 natalicio
1076 2565 1233 2626 uenerari.
1257 2564 1339 2626 etin

136 2659 270 2712 tuorum
286 2650 436 2712 omnium
446 2658 480 2712 te
494 2649 677 2731 glorificare
691 2650 815 2713 honore
831 2660 1020 2713 sanctorum
1045 2650 1077 2711 in
1093 2651 1340 2731 sempiternum.

136 2737 218 2817 quia
232 2734 415 2799 infirmitati
426 2747 558 2799 nostrae
568 2737 684 2800 talium
694 2746 825 2799 tuorum
840 2734 961 2809 filiuml
970 2737 1163 2818 praestitisti
1174 2736 1339 2819 suffragia.

136 2836 175 2887 ut
190 2842 305 2885 eorum
322 2823 612 2886 intercessionibus
628 2824 730 2887 nostri
747 2825 892 2887 misereri
909 2825 1063 2905 digneris.
1080 2844 1139 2906 per
1153 2823 1322 2886 christum.

571 2934 648 3018 [Ad
666 2935 905 3017 coruplendum]

182 3034 275 3096 Deus
290 3032 437 3098 fidelium
459 3045 685 3098 remunerator
707 3036 893 3098 animarum
918 3043 1049 3116 praesta
1072 3045 1108 3097 ut
1132 3034 1220 3096 beati
1243 3034 1342 3117 guth-

138 3120 201 3183 laci
217 3120 389 3201 presbiteri
412 3132 514 3203 atque
536 3122 747 3185 anachoritae
770 3123 864 3184 cuius
886 3120 1109 3183 uenerandam
1134 3121 1340 3184 celebramus

135 3206 428 3289 sollempnitatem.
445 3209 618 3291 praecibus
634 3209 875 3291 indulgentiam
892 3227 1142 3289 consequamur.
1160 3229 1217 3290 per
1233 3208 1341 3272 domi·

136 3314 227 3357 num.

421 3414 605 3497 [²Nnunua
630 3416 772 3481 Snucrr
797 3414 1057 3497 Enuwanaurl

181 3526 275 3589 Deus
288 3526 345 3609 qui
361 3526 497 3590 beatum
512 3528 758 3592 eaduueardum
776 3549 888 3610 regem
905 3526 1079 3609 anglorum
1096 3527 1238 3590 iniustae
1253 3528 1339 3590 occi-

136 3633 210 3675 sum
222 3614 296 3695 piae
308 3613 467 3677 iustificas
476 3625 509 3677 ct
520 3616 610 3678 miris
622 3616 725 3697 signis
738 3615 916 3678 mundanis
926 3614 1082 3677 declaras.
1096 3616 1188 3685 lcon-
1204 3613 1258 3696 [lo.
1274 3632 1297 3677 1.
1308 3637 1338 3679 v.

135 3701 218 3763 cede
237 3702 399 3783 propitius
421 3712 457 3765 ut
472 3702 542 3764 eius
558 3703 647 3784 apud
664 3712 697 3765 tc
713 3702 886 3784 praecibus
901 3701 1121 3764 subleuemur.
1139 3702 1231 3763 cuius
1247 3702 1336 3765 diem

136 3788 302 3869 passionis
316 3788 438 3851 deuote
454 3789 666 3852 celebramus.
684 3810 749 3872 per.

667 3900 805 3964 Secreta.

182 4012 322 4075 Munera
337 4022 452 4075 nostra
466 4032 646 4095 quesumus
662 4014 797 4077 domine
814 4013 846 4075 in
863 4012 988 4074 honore
1003 4012 1109 4075 sancti
1133 4011 1333 4075 eaduueardi

137 4100 292 4179 martyris
302 4099 350 4162 tui
366 4098 479 4163 oblata
495 4100 650 4163 clementi
668 4110 818 4182 respectu
836 4100 962 4162 intuere
986 4110 1019 4163 et
1042 4099 1121 4181 ipsis
1146 4119 1205 4160 nos
1222 4110 1334 4163 mente

136 4184 275 4268 purifica
289 4187 409 4269 quibus
425 4187 484 4250 tibi
496 4187 646 4252 debitum
663 4187 862 4250 exhibemus
880 4186 1087 4250 famulatum.
1103 4206 1169 4268 per.

365 4362 374 4395 ¹
391 4368 523 4419 Conected
536 4378 562 4417 to
572 4370 762 4435 sollempnitatis
773 4370 807 4433 by
818 4370 880 4419 later
890 4370 967 4419 hand.

368 4428 380 4463 ¹
396 4434 451 4483 ‘lhe
462 4434 570 4499 heading
580 4434 610 4485 os
623 4435 665 4485 the
677 4434 806 4500 following
817 4452 883 4484 mass
893 4436 915 4483 is
926 4445 969 4484 nol
982 4433 1072 4499 legiblc
1084 4433 1110 4483 in
1123 4433 1180 4482 MS.

1143 4514 1207 4562 uz
