3038 5106
483 357 596 409 mssa
619 357 694 410 PRO
713 358 1008 413 sacnnuorrws
1302 368 1352 427 315

200 512 266 599 Off.
289 514 383 579 Deus
407 522 445 577 tu
467 522 666 579 conuertens
691 514 874 579 uiuificabis
900 534 962 579 nos
987 526 1022 580 et
1045 515 1141 601 plebs
1167 528 1225 583 tua
1248 518 1349 583 laeta-

151 602 249 757 ξιιιῖιιιῃῐι
256 601 494 752 igatqglsitsende
507 599 604 663 nobis
618 602 754 665 domine
770 602 1027 667 misericordiam
1050 613 1142 669 tuam
1158 615 1193 670 et
1207 605 1351 670 salutare

685 807 822 873 Secreta.

200 921 340 1005 Suscipe
371 921 627 984 clementissime
656 930 750 1002 pater
778 921 903 985 hostias
941 922 1136 1005 placationis
1173 935 1207 988 et
1244 924 1353 989 laudis

155 1006 319 1091 benignus
342 1028 426 1089 quas
452 1008 512 1071 tibi
538 1007 641 1070 offero
666 1028 730 1089 ego
755 1009 908 1091 indignus
936 1009 1077 1073 famulus
1104 1020 1179 1074 tuus
1201 1032 1300 1093 quem
1317 1012 1349 1074 in

155 1097 307 1161 ordinem
323 1095 497 1158 sacerdotii
514 1114 725 1157 commouere
740 1096 895 1176 dignatus
912 1116 955 1158 es,
971 1106 1008 1159 ut
1032 1097 1090 1160 tibi
1114 1100 1252 1162 seruitus
1276 1118 1351 1162 mea

156 1181 374 1265 complaceat.
400 1192 457 1244 tua
483 1182 515 1243 in
541 1201 595 1244 me
622 1182 874 1244 misericorditer
897 1184 986 1245 dona
1012 1204 1180 1248 conserua.
1205 1186 1261 1267 qui
1292 1206 1353 1268 pro

155 1269 381 1333 sacerdotibus
398 1270 462 1331 tuis
479 1268 558 1330 mihi
574 1267 653 1342 hacl
668 1288 751 1350 opus
767 1268 969 1343 commissis†
983 1271 1157 1352 postulare.
1174 1282 1209 1336 tu
1225 1293 1260 1335 es
1269 1274 1353 1335 deus

156 1356 283 1421 tuscis
310 1354 506 1437 figmentum
531 1364 688 1417 nostrum.
715 1365 750 1418 tu
778 1356 841 1418 scis
857 1357 969 1418 omnia
984 1377 1069 1438 quae
1084 1358 1211 1441 egimus
1236 1359 1295 1422 tibi
1319 1360 1351 1421 in

155 1451 336 1526 conspectu
360 1451 425 1505 tuo.
450 1452 484 1504 et
507 1441 540 1504 in
564 1450 742 1524 conspectu
766 1452 954 1505 sanctorum
979 1453 1118 1508 tuorum.
1134 1447 1189 1526 qui
1213 1465 1279 1508 non
1304 1446 1354 1507 uis

158 1546 299 1594 mortem
327 1529 508 1612 peccatoris
532 1531 590 1592 sed
615 1538 651 1591 ut
674 1538 884 1592 conuertatur
907 1540 940 1593 et
964 1531 1063 1594 uiuat.
1090 1532 1214 1614 respice
1237 1533 1269 1594 in
1293 1553 1355 1595 nos

157 1617 294 1681 domine
320 1637 379 1700 per
410 1616 526 1678 merita
556 1624 589 1678 et
619 1615 885 1678 intercessionem
923 1616 1105 1680 beatissimi
1135 1619 1276 1702 apostoli
1307 1620 1353 1682 tui

158 1703 293 1787 petri.et
308 1705 461 1766 miserere
476 1703 587 1766 nostri.
611 1702 689 1784 quia
713 1712 748 1765 tu
773 1723 808 1765 es
833 1702 978 1766 clemens
1002 1713 1034 1767 et
1058 1705 1241 1768 misericors
1265 1707 1354 1769 deus.

157 1789 278 1874 perfice
315 1790 451 1852 domine
487 1789 649 1871 benignus
679 1789 710 1851 in
743 1790 838 1852 nobis
868 1800 904 1853 ut
933 1810 1018 1872 quae
1048 1792 1148 1854 sacris
1191 1792 1356 1874 mysteriis

158 1875 369 1959 proficiamur
383 1877 445 1959 piis
461 1876 646 1938 actionibus
661 1896 874 1957 exequamur.
891 1897 950 1958 per
960 1878 1141 1941 dominum.

667 2026 847 2106 Praesattb.

203 2140 254 2205 (D
283 2149 416 2203 aeterne
438 2139 527 2202 deus.
573 2138 793 2204 Clementiam
817 2147 909 2201 tuam
934 2140 1045 2220 pronis
1070 2140 1236 2204 mentibus
1260 2142 1354 2204 obse-

158 2246 298 2291 cramus.
315 2236 352 2289 ut
375 2247 435 2289 nos
460 2226 601 2288 famulos
626 2236 700 2288 tuos
715 2226 911 2288 sacerdotes.
926 2246 1010 2307 quos
1025 2234 1173 2309 [sanctae
1188 2225 1244 2309 [fo.
1262 2242 1354 2307 227v.

158 2314 344 2379 dilectionis
371 2312 466 2376 nobis
491 2312 712 2376 familiaritate
738 2312 946 2375 coniunxisti.
971 2312 1030 2375 tibi
1055 2312 1154 2377 saclas
1170 2315 1355 2377 totocorde

158 2400 333 2464 subiectos.
358 2411 394 2463 ut
415 2401 653 2462 intemeniente
677 2399 868 2462 beatissimo
895 2399 1047 2481 apostolo
1072 2409 1130 2463 tuo
1153 2410 1254 2482 petro.
1278 2412 1355 2465 tuae

159 2486 309 2551 karitatis
332 2488 448 2570 spiritu
472 2486 595 2570 repleti.
620 2507 640 2549 a
664 2486 799 2549 terrenis
824 2487 1021 2548 mundemur
1050 2487 1294 2569 cupiditatibus
1322 2497 1355 2551 et

159 2573 293 2639 caelesti
310 2574 513 2637 beatitudine
528 2583 561 2636 te
576 2575 724 2636 donante
738 2573 830 2654 digni
846 2571 1033 2635 efficiamur.
1051 2594 1109 2655 per
1123 2574 1289 2637 christum.

155 2710 290 2863 haCom.
314 2711 366 2775 Tu
382 2712 516 2775 domine
531 2711 677 2774 seruabis
693 2731 753 2773 nos
776 2718 809 2772 et
832 2710 998 2772 custodies
1015 2729 1073 2772 nos
1098 2730 1118 2772 a
1144 2710 1356 2792 generatione

201 2818 220 2862 c
235 2799 268 2861 in
284 2807 462 2862 aeternum.

605 2918 667 2980 Ad
677 2916 900 2998 conplendum.

204 3030 350 3094 Domine
374 3031 456 3093 deus
472 3039 584 3093 noster
600 3050 702 3092 uorax
719 3030 906 3111 promissor.
923 3028 1102 3112 propitiare
1116 3027 1233 3112 operc†
1248 3039 1306 3091 tuo
1321 3038 1354 3091 et

160 3136 222 3181 nos
238 3116 379 3180 famulos
395 3127 469 3180 tuos
486 3117 639 3199 indignos
655 3116 842 3179 sacerdotes
858 3117 1037 3178 seruientes
1053 3116 1121 3180 tibi.
1137 3115 1244 3178 tribue
1259 3115 1354 3178 nobis

159 3224 219 3287 per
242 3205 358 3268 merita
384 3214 418 3267 et
442 3204 709 3266 intercessionem
733 3203 913 3266 beatissimi
930 3202 1071 3285 apostoli
1087 3204 1135 3266 tui
1151 3203 1233 3285 petri
1247 3223 1355 3284 perse·

161 3310 275 3355 uetare
290 3292 323 3353 in
340 3299 396 3353 tua
411 3290 583 3353 uoluntate
599 3289 806 3352 famulantes,
822 3300 858 3352 ut
875 3290 906 3351 in
923 3290 1039 3352 dicbus
1055 3291 1174 3352 nostris
1191 3291 1307 3352 merito
1323 3300 1356 3352 et

161 3396 299 3441 numero
313 3377 456 3460 populus
472 3375 577 3441 fidelis
594 3377 653 3440 tibi
669 3377 815 3440 seruiens
830 3385 998 3458 augeatur.
1015 3396 1073 3458 per
1087 3377 1268 3440 dominum.

623 3530 729 3610 Super
730 3529 893 3610 populum.

204 3644 373 3708 Conserua
387 3662 567 3725 quesumus
583 3643 793 3725 omnipotens
809 3643 898 3703 deus
915 3642 1017 3703 uitam
1041 3650 1186 3704 nostram
1211 3641 1356 3704 inmacu-

161 3728 284 3803 latum†
312 3740 345 3793 et
379 3731 583 3793 incremento
619 3738 811 3793 cunctarum
849 3729 1007 3791 uirtutum
1045 3737 1081 3791 ut
1119 3728 1357 3791 interueniente

161 3816 353 3882 beatissimo
379 3816 532 3900 apostolo
556 3827 614 3879 tuo
638 3824 731 3898 petro
752 3817 784 3877 in
811 3824 869 3877 tua
892 3816 1115 3878 misericordia
1130 3814 1355 3877 uniuersorum

161 3904 292 3969 ueniam
318 3905 536 3988 percipiamus
562 3902 765 3967 delictorum.
792 3903 891 3965 etad
917 3902 1057 3984 patriam
1085 3911 1161 3965 tuac
1183 3903 1358 3984 repromis-

160 3992 262 4055 sionis
289 4001 456 4055 aeternam
487 3990 687 4073 quandoque
717 3989 888 4072 perueniro
918 4008 1102 4051 mereamur
1138 3987 1261 4051 inlaesi.
1300 4009 1358 4070 por

160 4079 333 4144 dominum
349 4086 498 4141 nostmm
515 4077 619 4139 iesum
635 4075 802 4139 christum.
