3038 5106
626 332 672 383 IN
685 334 853 385 ASCENSA
875 334 1026 387 DOMINI.

750 503 910 584 prefatio.

270 616 319 679 (D
335 635 394 697 per
409 613 567 677 christum
584 615 757 679 dominum
772 625 931 680 nostrum.
978 614 1044 699 Qui
1068 625 1145 699 post
1161 614 1435 680 resurrectionem

227 722 319 763 suam
336 701 491 763 omnibus
507 701 677 783 discipulis
693 705 759 766 suis
773 704 968 767 manifestus
981 705 1134 787 apparuit
1149 702 1196 787 set
1209 704 1289 785 ipsis
1318 703 1376 784 [so.
1387 704 1438 765 81.

226 790 437 850 cernentibus
454 798 504 850 est
520 789 669 851 eleuatus
685 791 718 853 in
734 791 864 854 caelum
880 801 918 854 ut
934 811 995 854 nos
1010 791 1196 854 diuinitatis
1211 811 1290 853 suae
1307 790 1439 853 tribue·

225 886 274 938 ret
290 896 362 938 esse
378 876 563 958 participes,
578 886 612 940 et
628 878 710 940 ideo

680 1015 742 1078 Ad
752 1014 977 1097 complendum.

271 1125 394 1188 Tribue
410 1146 589 1208 quesumus
606 1126 741 1188 domine
757 1136 794 1189 ut
810 1147 868 1207 per
883 1127 964 1190 haec
990 1129 1094 1190 sacra¹
1119 1146 1205 1209 quae
1231 1126 1439 1208 sumpsimus

227 1213 303 1275 illuc
331 1215 447 1276 tendat
475 1224 607 1276 nostrae
634 1215 822 1276 deuotionis
847 1215 985 1277 aflectus
1009 1234 1077 1296 quo
1107 1224 1217 1277 tecum
1245 1223 1294 1276 est
1323 1223 1441 1275 nostra

227 1301 413 1362 substantia
435 1301 521 1363 iesus
544 1300 686 1362 christus
711 1302 866 1364 dominus
892 1311 1010 1364 noster.
1058 1301 1124 1384 Qui
1152 1311 1263 1363 tecum
1291 1301 1378 1363 uiuit
1405 1309 1440 1362 et

227 1389 365 1469 regnat!

586 1556 662 1640 s[1n
687 1557 861 1622 Ascensn
886 1558 1071 1640 ΒοΜιΝι]8
1307 1556 1365 1639 [so.
1384 1558 1436 1619 82.

271 1677 427 1741 Concede
456 1697 636 1758 quesumus
666 1679 879 1761 omnipotens
909 1680 990 1742 deus
1022 1688 1059 1741 ut
1096 1678 1152 1760 qui
1189 1677 1352 1740 hodierna
1383 1678 1439 1740 die

227 1767 434 1845 unigenitum
467 1775 560 1827 tuum
592 1766 834 1846 redemptorem
866 1775 1016 1829 nostrum
1047 1766 1089 1828 ad
1128 1765 1215 1828 celos
1246 1765 1440 1827 ascendisse

226 1853 398 1914 credimus.
430 1852 492 1934 ipsi
522 1871 655 1933 quoque
694 1864 805 1915 mente
842 1854 875 1914 in
913 1852 1111 1916 caelestibus
1147 1852 1347 1915 habitemus.
1379 1871 1441 1934 per

225 1939 376 2001 eundem.

760 2067 899 2132 Secreta.

272 2178 411 2260 Suscipe
427 2178 562 2240 domine
578 2199 715 2242 munera
730 2201 815 2261 quae
839 2202 899 2262 pro
922 2180 978 2242 lilii
1006 2181 1053 2243 tui
1078 2179 1222 2262 gloriosa
1242 2180 1440 2243 ascensione

229 2266 405 2328 deferimus
443 2276 476 2329 et
513 2268 658 2328 concede
697 2269 859 2348 propitius
890 2277 926 2330 ut
956 2288 976 2330 a
1014 2269 1242 2350 praesentibus
1280 2267 1439 2348 periculis

229 2354 402 2416 liberemur
417 2363 450 2416 et
467 2353 508 2414 ad
525 2354 629 2414 uitam
646 2357 911 2434 permaneamus⁴
927 2365 1105 2418 aeternam.
1123 2376 1181 2437 per
1196 2355 1385 2416 dominum.

729 2491 926 2575 sPraesatt'o.
1289 2490 1346 2573 [ἷο.
1363 2493 1438 2554 82v.

272 2605 322 2668 (D
339 2613 471 2665 aeterne
487 2605 576 2667 deus.
624 2604 667 2666 Et
692 2605 725 2665 in
749 2604 811 2666 hac
835 2606 1010 2687 praecipue
1028 2604 1081 2667 die
1096 2625 1163 2687 qua
1185 2605 1272 2667 iesus
1293 2604 1438 2667 christus

229 2690 313 2752 filius
345 2701 421 2752 tuus
452 2692 607 2752 dominus
642 2702 754 2754 noster
784 2693 886 2754 diuini
926 2701 1158 2754 consummato
1190 2691 1254 2753 line
1286 2693 1438 2771 mysterii

229 2779 445 2858 depositionis
468 2779 624 2858 antiquae
648 2799 767 2839 munus
783 2779 940 2860 expleuit.
987 2779 1035 2842 Ut
1060 2780 1184 2840 scilicet
1207 2788 1240 2839 et
1264 2778 1436 2841 diabolum

227 2865 378 2926 caelestis
394 2866 502 2945 operis
519 2865 695 2926 inimicum.
713 2886 771 2946 per
791 2865 958 2928 hominem
975 2887 1074 2948 quem
1091 2865 1282 2946 subiugarat
1299 2865 1437 2927 elideret

228 2963 260 3013 ct
277 2952 457 3013 humanam
475 2952 642 3013 reduceret
659 2953 700 3013 ad
717 2973 858 3035 superna
874 2955 962 3014 dona
977 2954 1207 3016 substantiam.
1253 2952 1298 3014 Et
1316 2953 1401 3015 ideo.

691 3090 790 3170 Infra
806 3092 968 3152 acteonem.

275 3202 568 3265 Communicantcs
606 3210 639 3262 et
677 3202 766 3263 diem
805 3203 1063 3264 sacratissimum
1102 3201 1328 3263 caelebrantes
1369 3222 1437 3283 quo

230 3291 385 3351 dominus
410 3298 521 3349 noster
548 3289 736 3368 unigenitus
771 3288 856 3350 filius
891 3301 967 3352 tuus
998 3292 1125 3351 unitam
1157 3289 1218 3350 sibi
1250 3288 1439 3368 fragilitatis

230 3387 362 3438 nostrae
377 3375 597 3437 substantiam
615 3377 647 3436 in
664 3376 788 3456 gloriae
814 3387 889 3439 tuae
915 3377 1054 3438 dextera
1079 3375 1262 3438 collocauit.
1309 3375 1376 3440 Sed
1404 3387 1436 3438 et

229 3482 432 3525 memoriam.

682 3583 744 3645 Ad
754 3583 977 3664 conzplendum.

274 3696 408 3757 Praesta
424 3693 519 3756 nobis
534 3714 713 3774 quesumus
730 3695 940 3776 omnipotens
956 3704 989 3756 et
1006 3694 1189 3756 misericors
1199 3694 1281 3755 deus
1297 3702 1334 3754 ut
1350 3712 1437 3773 quae

226 3783 410 3846 nisibilibus
428 3782 591 3862 mysteriis
607 3783 769 3843 sumenda
785 3783 991 3864 percepimus
1007 3782 1162 3844 inuisibili
1187 3800 1432 3861 consequamur

228 3870 355 3933 et‘sectu.
373 3889 437 3950 per.

282 4004 289 4035 ¹
309 4005 418 4068 Perhaps
430 4003 466 4052 lor
478 4011 638 4052 sncramcnta.
670 4004 751 4053 There
763 4004 810 4054 isa
822 4004 898 4054 break
911 4004 940 4053 of
948 4005 999 4054 line
1010 4005 1124 4054 between
1136 4019 1207 4052 sacra
1218 4002 1267 4051 and
1283 4017 1354 4065 quar.
1387 4002 1436 4049 But

233 4071 327 4134 though
345 4070 387 4118 the
408 4069 505 4118 Leoirie
526 4070 611 4117 hlissal
634 4071 705 4117 reads
728 4078 891 4130 sacramenta,
913 4070 955 4119 the
975 4070 1095 4120 Gelasian
1117 4077 1300 4130 sacramentary
1323 4066 1373 4115 und
1393 4067 1437 4115 the

233 4143 258 4188 5.
274 4137 332 4186 (lall
346 4136 401 4184 MS.
417 4134 464 4196 348
476 4150 549 4197 agree
562 4134 621 4181 with
634 4136 676 4183 the
689 4145 748 4183 text.

281 4200 292 4232 ²
309 4202 363 4276 'the
376 4202 453 4274 lower
463 4210 517 4262 part
529 4199 557 4246 ol
567 4200 608 4247 the
621 4210 688 4248 recto
699 4201 728 4279 ol
736 4200 778 4249 fol.
793 4199 822 4250 81
837 4200 859 4249 is
869 4200 954 4250 blank.
992 4200 1048 4249 The
1059 4216 1131 4248 verso
1143 4199 1171 4248 os
1180 4199 1222 4247 iol.
1237 4196 1266 4246 81
1281 4197 1303 4246 is
1313 4196 1435 4261 occupied

233 4271 267 4333 by
277 4269 523 4389 qnpqlprppqqqqrp.os
532 4264 675 4388 pffiqenfflpge
681 4266 792 4380 iiitiwas
803 4330 902 4379 written
919 4347 951 4380 on
963 4330 1005 4379 iol.
1020 4329 1062 4387 82,
1075 4330 1121 4379 hus
1132 4345 1188 4378 now
1200 4327 1380 4402 dissppeered3
1390 4326 1435 4374 but

233 4401 252 4478 it
264 4416 321 4462 may
333 4399 395 4446 have
407 4396 471 4444 been
483 4394 647 4460 accidentally
659 4395 772 4456 omitted,
787 4396 829 4446 the
841 4396 922 4445 whole
934 4396 963 4446 ol
975 4396 1017 4446 the
1029 4403 1081 4446 text
1093 4411 1126 4444 on
1138 4395 1180 4445 iol.
1199 4392 1231 4443 82
1249 4394 1325 4457 being
1337 4402 1436 4441 wntten

232 4483 258 4515 m
271 4464 555 4592 g⁴⁰llicircjdiirsieninmur.
