3038 5106
597 324 739 377 MISSAE
760 325 835 377 PRO
855 323 1082 377 omnem.

512 532 631 597 Mrssa
653 543 725 595 ruo
748 529 931 594 Enrscoeo
951 529 1170 596 Duruucro.

281 663 417 725 Praesta
432 680 612 744 quesumus
634 658 770 724 domine
785 668 823 723 ut
837 659 950 723 anima
971 657 1086 723 famuli
1102 660 1150 723 tui
1166 660 1322 743 episcopi.
1339 681 1440 744 quam

236 751 270 813 in
299 749 363 813 hoc
393 747 527 812 saeculo
556 754 820 811 commorantem
850 746 950 810 sacris
982 746 1173 811 muneribus
1209 748 1375 813 decorasti
1407 750 1440 813 in

235 835 388 901 caelestis
403 836 491 899 sedis
506 834 612 918 gloria
626 852 758 916 semper
771 830 913 897 exultet.
930 853 996 914 per.

770 965 908 1030 Secreta.

279 1081 419 1164 Suscipe
433 1099 615 1162 quesumus
634 1078 770 1144 domine
786 1078 912 1142 hostias
928 1099 988 1161 pro
1004 1079 1116 1141 anima
1132 1079 1247 1143 famuli
1263 1083 1321 1144 tui.
1337 1082 1386 1145 ill.
1403 1094 1441 1146 ut

233 1168 285 1232 cui
311 1166 502 1250 pontificale
526 1167 659 1231 donasti
684 1166 878 1248 praemium.
903 1165 1009 1229 dones
1026 1174 1059 1229 et
1076 1167 1239 1231 meritum.
1256 1188 1316 1249 per
1330 1170 1439 1232 domi-

236 1275 324 1319 num.

754 1372 934 1454 Praefatio.

278 1487 328 1551 (i)
345 1506 403 1569 per
427 1486 585 1549 christum
613 1484 787 1548 dominum
813 1494 971 1548 nostrum.
1019 1485 1058 1547 ln
1081 1486 1173 1550 cuius
1195 1486 1344 1550 aduentu
1361 1507 1438 1551 cum

233 1574 401 1655 geminam
427 1573 559 1635 iusseris
584 1573 698 1634 sistere
722 1570 864 1655 plebem.
889 1572 1003 1635 iubeas
1031 1570 1192 1635 famulum
1224 1582 1319 1635 tuum
1349 1574 1395 1637 ill.
1417 1594 1439 1637 a

234 1679 373 1724 numero
409 1660 550 1722 discerni
588 1658 760 1722 malorum.
824 1658 935 1741 Quem
973 1658 1098 1721 tribuas
1135 1680 1244 1742 poene
1281 1670 1438 1723 aeternae

232 1748 383 1810 euadere.
409 1745 569 1809 flammas.
605 1755 638 1808 et
673 1746 758 1823 iuste
796 1746 908 1828 potius
945 1745 1085 1828 adipisci
1108 1747 1237 1828 premia
1259 1748 1358 1811 uitae.
1387 1749 1436 1810 in·

232 1834 356 1916 duique
387 1833 500 1897 iubeas
531 1833 664 1895 deuicta
702 1841 809 1895 morte
847 1833 1005 1914 uigorem.
1044 1851 1175 1914 semper
1212 1834 1435 1898 inextinctam

231 1920 354 1983 habere
369 1919 502 1983 luminis
518 1940 641 1983 auram.
688 1919 835 2000 Dignare
851 1929 1045 2001 perpetuam
1062 1919 1231 2001 praeclaro
1247 1922 1280 1982 in
1297 1940 1437 2005 corpore

232 2007 344 2070 uitam.
362 2008 417 2070 ubi
435 2027 504 2069 nox
520 2002 646 2080 nullas†
657 2027 734 2069 suas
750 2005 908 2069 defendat
925 2016 997 2069 atra
1012 2007 1186 2071 tenebras¹
1233 2007 1377 2072 Securus
1393 2010 1437 2073 de

230 2094 337 2158 salute
361 2093 500 2176 placidis
524 2093 664 2155 laetetur
679 2094 712 2156 in
728 2092 843 2155 choris.
860 2112 992 2176 semper
1014 2094 1168 2158 uicturus.
1184 2114 1384 2178 semperque
1401 2096 1434 2159 in

231 2180 304 2244 luce
320 2180 456 2245 futurus.
472 2200 653 2262 perquem.

680 2315 743 2378 Ad
748 2315 975 2397 complendum.

274 2427 389 2491 Presta
418 2447 598 2510 quesumus
627 2427 841 2511 omnipotens
871 2428 961 2491 deus.
992 2437 1029 2490 ut
1063 2427 1210 2491 animam
1241 2428 1358 2493 famuli
1385 2431 1433 2495 tui

229 2514 383 2596 episcopi.
401 2514 709 2596 incongregatione
732 2514 892 2577 iustorum
915 2523 1069 2577 aeternae
1085 2514 1301 2579 beatitudinis
1319 2517 1433 2581 iubeas

229 2621 302 2664 esse
317 2611 512 2665 consortem.
529 2623 588 2683 per
602 2601 785 2664 dominum.

491 2818 607 2881 MISSA
630 2832 701 2881 PRO
725 2816 949 2881 SACERDOTE
973 2818 1193 2881 DEFUNCTO.

272 2947 365 3010 Deus
395 2948 450 3028 qui
482 2948 566 3010 inter
596 2946 797 3027 apostolicos
827 2948 1016 3009 sacerdotes
1051 2946 1212 3009 samulum
1247 2957 1353 3010 tuum.
1384 2948 1429 3009 ill.

226 3035 350 3097 censeri
376 3034 489 3096 fecisti.
516 3038 662 3115 [praesta
688 3052 876 3114 quesumus.
904 3042 940 3096 ut
966 3053 1107 3115 quorum
1135 3035 1241 3095 uicem
1263 3033 1319 3115 [su.
1337 3051 1429 3113 219v.

227 3118 380 3203 regebat†
396 3120 438 3182 ad
466 3120 581 3183 horam
609 3121 641 3181 in
668 3121 769 3182 terris.
785 3140 899 3183 eorum
925 3132 1088 3202 perpetuo
1103 3121 1272 3184 consortio
1289 3121 1428 3185 laetetur

226 3209 259 3269 in
276 3208 382 3271 caelis
400 3228 458 3290 per
473 3207 654 3270 dominum.

761 3328 897 3391 Secreta.

269 3439 408 3520 Suscipe
433 3459 613 3520 quesumus
639 3440 774 3501 domine
804 3459 864 3521 pro
894 3440 1004 3502 anima
1036 3440 1150 3504 famuli
1174 3442 1221 3504 tui
1246 3442 1426 3505 sacerdotis

224 3547 307 3607 quas
337 3525 506 3588 offerimus
537 3527 670 3588 hostias.
702 3537 738 3589 ut
769 3527 821 3588 cui
854 3528 1060 3589 sacerdotale
1098 3529 1229 3591 donasti
1262 3529 1425 3592 meritum.

223 3615 328 3676 dones
344 3625 378 3678 ct
394 3614 585 3696 praemium.
602 3634 668 3694 per.

739 3734 919 3814 Praefatio.

269 3847 318 3910 ff)
345 3856 479 3909 aeterne
505 3847 596 3909 deus,
622 3844 789 3927 Quoniam
813 3847 967 3927 quamuis
997 3845 1144 3909 humano
1168 3848 1281 3929 generi
1310 3849 1424 3911 mortis

224 3933 326 3995 inlata
342 3934 488 3996 conditio
504 3943 640 4014 pectora
665 3943 778 3994 nostra
802 3934 982 3996 contristet.
998 3943 1110 3996 tamen
1135 3934 1332 3996 clementiae
1349 3945 1424 3997 tuae

223 4020 313 4082 dono
336 4041 394 4102 spe
418 4020 547 4082 futurae
571 4019 817 4083 inmortalitatis
847 4021 1011 4101 erigimur.
1057 4020 1109 4082 Ac
1126 4041 1290 4083 memores
1307 4022 1422 4085 salutis

223 4116 384 4169 aeternae.
402 4127 468 4169 non
494 4108 649 4169 timemus
677 4105 758 4168 lucis
784 4106 879 4169 huius
903 4108 1064 4170 sustinere
1079 4108 1248 4170 iacturam.
1265 4110 1422 4189 quoniam

222 4192 383 4257 beneficio
407 4194 533 4274 gratiae
558 4202 635 4255 tuae
663 4191 814 4256 fidelibus
841 4195 911 4256 uita
934 4215 1001 4257 non
1027 4193 1154 4256 tollitur
1176 4196 1234 4257 sed
1267 4205 1421 4258 mutatur.

223 4281 336 4362 Atque
363 4282 495 4343 animae
524 4299 683 4361 corporeo
708 4276 876 4363 ergastulo
903 4279 1068 4345 liberatae.
1095 4279 1229 4344 horrent
1261 4282 1422 4346 mortalia

220 4368 300 4430 dum
318 4367 506 4430 inmortalia
521 4376 750 4431 consecuntur.
795 4366 897 4431 Unde
912 4388 1093 4450 quesumus
1115 4377 1153 4432 ut
1176 4367 1320 4432 famulus
1336 4380 1420 4433 tuus.

284 4486 293 4520 ¹
310 4489 367 4540 MS.
382 4489 514 4554 originally
525 4488 683 4539 remebras:
699 4490 743 4539 but
755 4489 799 4539 the
809 4490 963 4556 superfluous
974 4490 1060 4543 letters
1070 4491 1135 4543 have
1145 4491 1210 4541 been
1222 4492 1365 4558 expunged.
