3038 5106
382 341 410 393 V.
437 340 516 405 [ID.]
539 340 642 391 SEPT.
671 339 759 391 ΝΑΤ.
788 340 816 391 S.
846 338 1033 391 GORGONII.
1266 354 1315 405 209

254 532 301 583 vr.
326 520 420 585 qus
444 518 549 585 Sere.
575 521 786 586 Narrurrns
809 518 986 584 Snucrsa
1003 520 1166 583 Marma.

155 629 438 713 Supplicationem
464 636 646 711 lseruorum
671 643 802 697 tuorum
829 632 911 695 deus
938 632 1111 695 miserator
1139 632 1195 715 [fo
1224 650 1313 714 149v.

109 718 241 781 exaudi.
258 728 296 782 ut
311 720 367 801 qui
384 720 416 781 in
430 720 605 783 natiuitate
620 719 673 783 dei
690 719 857 801 genitricis
869 730 902 782 et
918 720 1056 801 uirginis
1072 738 1313 801 congregamur

108 804 180 865 eius
202 804 492 869 intercessionibus
504 804 747 888 complacatus†
771 826 791 868 a
815 815 848 869 te
875 808 917 868 de
943 807 1143 870 instantibus
1159 807 1311 889 periculis

109 909 272 954 eruamur.
290 913 349 975 per
363 894 514 956 eundem.

672 1015 761 1077 Alia.

155 1114 302 1178 Famulis
325 1117 390 1179 tuis
413 1118 548 1180 domine
578 1117 730 1179 caelestis
759 1119 885 1199 gratiae
919 1136 1039 1178 munus
1071 1117 1245 1198 impertire.
1273 1127 1309 1178 ut

108 1201 230 1281 quibus
247 1204 364 1265 beatae
379 1205 514 1285 uirginis
531 1214 645 1285 partus
661 1205 774 1267 extitit
795 1204 911 1267 salutis
927 1204 1113 1267 exordium.
1126 1203 1309 1265 natiuitatis

107 1289 331 1436 pilusuotiua
375 1290 603 1372 sollempnitas
649 1292 739 1373 pacis
784 1291 908 1354 tribuat
954 1292 1205 1353 incrementum.
1252 1310 1310 1371 per

132 1395 290 1440 ominum.
732 1402 736 1409 ·

640 1488 774 1551 Secreta.

155 1586 327 1669 Unigeniti
344 1589 391 1651 tui
408 1589 543 1651 domine
561 1589 655 1651 nobis
672 1598 839 1650 succurrat
855 1588 1055 1651 humanitas.
1072 1598 1108 1651 ut
1129 1589 1185 1670 qui
1211 1599 1307 1652 natus

108 1674 152 1736 de
183 1675 311 1757 uirgine
342 1677 454 1738 matris
486 1677 712 1756 integritatem
744 1694 810 1737 non
845 1676 964 1738 minuit
995 1676 1052 1737 sed
1084 1677 1235 1739 sacrauit.
1274 1677 1306 1737 in

109 1761 294 1825 natiuitatis
332 1764 401 1825 eius
439 1762 645 1844 sollempniis
683 1783 702 1823 a
740 1763 859 1824 nostris
898 1782 958 1824 nos
996 1763 1134 1844 piaculis
1172 1782 1307 1826 exuens.

107 1846 311 1911 oblationem
329 1858 476 1912 nostram
493 1850 555 1911 sibi
573 1848 672 1911 saciat
689 1860 869 1930 acceptam.
886 1851 941 1930 qui
959 1860 1079 1913 tecum.

621 1968 800 2048 Praefatio.

154 2068 203 2131 ff)
242 2078 375 2130 aeterne
412 2068 502 2131 deus.
550 2068 593 2130 Et
632 2068 808 2150 praecipue
845 2088 904 2150 pro
935 2068 1059 2130 meritis
1098 2068 1215 2131 beatae
1253 2069 1305 2132 dei

108 2155 283 2236 genetricis
314 2166 347 2217 et
377 2167 556 2237 perpetuae
587 2155 723 2235 uirginis
760 2156 881 2216 mariae
912 2156 1018 2235 gratia
1056 2154 1181 2237 plenae.
1213 2165 1304 2218 tuam

108 2242 387 2323 omnipotentiam
405 2242 538 2304 laudare
555 2242 757 2304 benedicere.
774 2252 806 2304 et
824 2240 1021 2323 praedicare.
1038 2262 1096 2322 per
1111 2262 1218 2322 quem.

555 2378 617 2441 Ad
632 2377 858 2459 complendum.

154 2482 365 2564 Sumpsimus
396 2482 530 2544 domine
561 2481 761 2544 celebritatis
795 2501 924 2544 annuae
955 2481 1069 2544 uotiua
1092 2492 1305 2544 sacramenta.

107 2581 239 2652 praesta
254 2590 433 2651 quesumus
450 2579 487 2630 ut
503 2580 536 2632 et
549 2568 742 2651 temporalis
753 2568 848 2630 nobis
864 2569 952 2630 uitae
964 2569 1108 2631 remedia
1125 2567 1305 2651 praebeant

107 2666 140 2720 et
157 2666 317 2720 aeternae.
335 2677 393 2738 per
408 2656 591 2718 dominum.

171 2842 202 2889 v.
228 2825 329 2889 ΚΛι.ι
355 2825 458 2891 Seru.
485 2826 640 2889 >larana
663 2824 804 2890 Sancrr
829 2823 1022 2888 Goncoxn
1041 2826 1246 2890 llanrrurs.

152 2947 295 3012 Sanctus
318 2948 453 3010 domine
476 2950 656 3029 gorgonius
679 2966 739 3008 sua
763 2965 823 3007 nos
840 2946 1074 3008 intercessione
1091 2946 1254 3009 laetificet.
1271 2957 1304 3010 ct

106 3035 162 3118 pia
177 3034 276 3097 faciat
292 3034 538 3117 sollempnitate
554 3033 706 3115 gaudere.
724 3052 782 3113 per
797 3033 978 3095 dominum.

640 3149 777 3213 Secreta.

149 3252 253 3318 Grata
283 3255 325 3316 sit
356 3253 415 3316 tibi
446 3254 580 3317 domine
610 3262 742 3315 nostrae
772 3252 939 3314 seruitutis
977 3251 1110 3314 oblatio.
1150 3272 1207 3333 pro
1240 3274 1304 3334 qua

104 3351 238 3404 sanctus
253 3342 434 3423 gorgonius
450 3351 576 3421 martyr
591 3340 776 3403 interuenit.
795 3359 860 3420 per.

609 3460 790 3524 Praefatio,

149 3565 198 3628 ff)
237 3575 369 3627 aeterne
407 3565 496 3626 deus.
542 3564 657 3644 Teque
695 3564 726 3624 in
765 3573 954 3625 sanctorum
990 3573 1120 3625 tuorum
1159 3563 1303 3624 consess-

104 3652 248 3729 iolnibus
274 3650 415 3713 laudare.
443 3652 475 3713 in
500 3650 592 3713 cuius
623 3650 699 3712 sacti
723 3659 800 3712 sunt
825 3651 947 3712 uirtute
977 3650 1125 3712 uictores.
1150 3649 1205 3730 [so
1236 3666 1300 3728 150.

103 3738 238 3820 quando
250 3738 338 3799 enim
355 3737 501 3800 humana
517 3736 683 3817 fragilitas.
696 3737 746 3799 uel
765 3737 951 3818 passionem
965 3737 1204 3816 aequanimiter
1221 3736 1302 3799 serre

102 3824 273 3889 sufficeret.
290 3824 341 3886 uel
359 3824 463 3887 hostis
480 3826 564 3886 aerei
582 3824 745 3905 nequitias
758 3825 911 3886 uinceret.
959 3824 1031 3885 Nisi
1049 3835 1124 3886 tuae
1136 3823 1300 3886 firmitatis

101 3912 285 3975 subsidium
303 3911 513 3974 ministrares.
537 3921 571 3974 et
593 3931 693 3973 saeua
717 3910 853 3973 furentis
877 3911 1008 3973 inimici.
1033 3920 1186 3992 potenter
1209 3931 1301 3973 anna

101 3997 320 4073 conterreres†
335 4018 393 4080 per
408 3998 576 4061 christum.

549 4118 611 4180 Ad
627 4117 852 4199 conplozdmn.

145 4220 321 4285 Familiam
338 4231 430 4285 tuam
447 4222 536 4285 deus
553 4223 699 4283 suauitas
715 4221 770 4283 illa
786 4222 958 4303 contingat
974 4228 1007 4282 et
1023 4229 1164 4301 uegetet.
1183 4240 1249 4303 qua
1266 4222 1298 4283 in

101 4318 247 4391 martyre
270 4319 330 4373 tuo
350 4310 520 4393 gorgonio.
543 4307 655 4371 christi
679 4309 727 4371 tui
750 4307 840 4371 bono
870 4308 989 4391 iugiter
1011 4309 1113 4371 odore
1136 4318 1298 4391 pascatur.

101 4395 348 4481 perdominum
365 4405 523 4460 nostrum.
884 4402 888 4411 '

506 4508 514 4541 ¹
532 4512 568 4563 Su
579 4511 637 4563 MS.
652 4509 723 4562 loru.
738 4512 804 4561 idus.
856 4482 884 4551 ⁸¹.

143 4582 338 4659 Juurbnes.
1151 4590 1171 4639 p
