<?xml version="1.0" encoding="UTF-8"?>
<!DOCTYPE html PUBLIC "-//W3C//DTD XHTML 1.0 Transitional//EN"
    "http://www.w3.org/TR/xhtml1/DTD/xhtml1-transitional.dtd">
<html xmlns="http://www.w3.org/1999/xhtml" xml:lang="en" lang="en">
 <head>
  <title>
</title>
<meta http-equiv="Content-Type" content="text/html;charset=utf-8" />
  <meta name='ocr-system' content='tesseract 3.04.00' />
  <meta name='ocr-capabilities' content='ocr_page ocr_carea ocr_par ocr_line ocrx_word'/>
</head>
<body>
  <div class='ocr_page' id='page_1' title='image "./missalrobertjum00wilsgoog_0190.png"; bbox 0 0 3038 5106; ppageno 0'>
   <div class='ocr_carea' id='block_1_1' title="bbox 604 335 1070 387">
    <p class='ocr_par' dir='ltr' id='par_1_1' title="bbox 604 335 1070 387">
     <span class='ocr_line' id='line_1_1' title="bbox 604 335 1070 387; baseline 0 -1"><span class='ocrx_word' id='word_1_1' title='bbox 604 335 821 386; x_wconf 77' lang='lat' dir='ltr'><em>ORATIONES</em></span> <span class='ocrx_word' id='word_1_2' title='bbox 843 335 1070 387; x_wconf 81' lang='lat' dir='ltr'><em>PASCHALES.</em></span> 
     </span>
    </p>
   </div>
   <div class='ocr_carea' id='block_1_2' title="bbox 686 553 984 636">
    <p class='ocr_par' dir='ltr' id='par_1_2' title="bbox 686 553 984 636">
     <span class='ocr_line' id='line_1_2' title="bbox 686 553 984 636; baseline 0.007 -19"><span class='ocrx_word' id='word_1_3' title='bbox 686 553 748 617; x_wconf 77' lang='lat' dir='ltr'><strong>Ad</strong></span> <span class='ocrx_word' id='word_1_4' title='bbox 758 554 984 636; x_wconf 81' lang='lat' dir='ltr'><strong>complendum.</strong></span> 
     </span>
    </p>
   </div>
   <div class='ocr_carea' id='block_1_3' title="bbox 231 656 1448 896">
    <p class='ocr_par' dir='ltr' id='par_1_3' title="bbox 231 656 1448 896">
     <span class='ocr_line' id='line_1_3' title="bbox 276 656 1447 740; baseline 0.001 -20"><span class='ocrx_word' id='word_1_5' title='bbox 276 658 529 739; x_wconf 89' lang='lat' dir='ltr'><strong>Redemptionis</strong></span> <span class='ocrx_word' id='word_1_6' title='bbox 546 667 677 720; x_wconf 86' lang='lat' dir='ltr'><strong>nostrae</strong></span> <span class='ocrx_word' id='word_1_7' title='bbox 703 678 838 721; x_wconf 89' lang='lat' dir='ltr'><strong>munere</strong></span> <span class='ocrx_word' id='word_1_8' title='bbox 864 657 1012 739; x_wconf 85' lang='lat' dir='ltr'><strong>uegetati</strong></span> <span class='ocrx_word' id='word_1_9' title='bbox 1035 677 1217 740; x_wconf 85' lang='lat' dir='ltr'><strong>quesumus</strong></span> <span class='ocrx_word' id='word_1_10' title='bbox 1243 656 1384 721; x_wconf 89' lang='lat' dir='ltr'><strong>domine</strong></span> <span class='ocrx_word' id='word_1_11' title='bbox 1410 668 1447 721; x_wconf 87' lang='lat' dir='ltr'><strong>ut</strong></span> 
     </span>
     <span class='ocr_line' id='line_1_4' title="bbox 231 744 1448 829; baseline -0.001 -22"><span class='ocrx_word' id='word_1_12' title='bbox 231 744 294 808; x_wconf 91' lang='lat' dir='ltr'><strong>hoc</strong></span> <span class='ocrx_word' id='word_1_13' title='bbox 321 756 500 827; x_wconf 81' lang='lat' dir='ltr'><strong>perpetuae</strong></span> <span class='ocrx_word' id='word_1_14' title='bbox 526 746 641 808; x_wconf 90' lang='lat' dir='ltr'><strong>salutis</strong></span> <span class='ocrx_word' id='word_1_15' title='bbox 666 746 836 809; x_wconf 85' lang='lat' dir='ltr'><strong>auxilium.</strong></span> <span class='ocrx_word' id='word_1_16' title='bbox 854 745 936 810; x_wconf 89' lang='lat' dir='ltr'><strong>fides</strong></span> <span class='ocrx_word' id='word_1_17' title='bbox 959 764 1090 824; x_wconf 87' lang='lat' dir='ltr'><strong>semper</strong></span> <span class='ocrx_word' id='word_1_18' title='bbox 1106 765 1184 808; x_wconf 89' lang='lat' dir='ltr'><strong>uera</strong></span> <span class='ocrx_word' id='word_1_19' title='bbox 1211 744 1372 829; x_wconf 87' lang='lat' dir='ltr'><strong>perficiat</strong></span> <span class='ocrx_word' id='word_1_20' title='bbox 1389 767 1448 827; x_wconf 88' lang='lat' dir='ltr'><strong>per</strong></span> 
     </span>
     <span class='ocr_line' id='line_1_5' title="bbox 231 833 580 896; baseline 0.003 -2"><span class='ocrx_word' id='word_1_21' title='bbox 231 833 404 894; x_wconf 91' lang='lat' dir='ltr'><strong>dominum</strong></span> <span class='ocrx_word' id='word_1_22' title='bbox 422 842 580 896; x_wconf 90' lang='lat' dir='ltr'><strong>nostrum.</strong></span> 
     </span>
    </p>
   </div>
   <div class='ocr_carea' id='block_1_4' title="bbox 719 971 964 1053">
    <p class='ocr_par' dir='ltr' id='par_1_4' title="bbox 719 971 964 1053">
     <span class='ocr_line' id='line_1_6' title="bbox 719 971 964 1053; baseline 0.004 -19"><span class='ocrx_word' id='word_1_23' title='bbox 719 971 782 1034; x_wconf 79' lang='lat' dir='ltr'><strong>Ad</strong></span> <span class='ocrx_word' id='word_1_24' title='bbox 792 981 964 1053; x_wconf 80' lang='lat' dir='ltr'><strong>uesperum.</strong></span> 
     </span>
    </p>
   </div>
   <div class='ocr_carea' id='block_1_5' title="bbox 233 1073 1448 1311">
    <p class='ocr_par' dir='ltr' id='par_1_5' title="bbox 233 1073 1448 1311">
     <span class='ocr_line' id='line_1_7' title="bbox 277 1073 1448 1157; baseline 0.001 -22"><span class='ocrx_word' id='word_1_25' title='bbox 277 1074 369 1136; x_wconf 93' lang='lat' dir='ltr'><strong>Deus</strong></span> <span class='ocrx_word' id='word_1_26' title='bbox 385 1074 441 1155; x_wconf 94' lang='lat' dir='ltr'><strong>qui</strong></span> <span class='ocrx_word' id='word_1_27' title='bbox 458 1074 658 1157; x_wconf 85' lang='lat' dir='ltr'><strong>multiplicas</strong></span> <span class='ocrx_word' id='word_1_28' title='bbox 674 1075 868 1138; x_wconf 86' lang='lat' dir='ltr'><strong>aecclesiam</strong></span> <span class='ocrx_word' id='word_1_29' title='bbox 885 1085 977 1138; x_wconf 89' lang='lat' dir='ltr'><strong>tuam</strong></span> <span class='ocrx_word' id='word_1_30' title='bbox 1002 1073 1034 1136; x_wconf 96' lang='lat' dir='ltr'><strong>in</strong></span> <span class='ocrx_word' id='word_1_31' title='bbox 1058 1074 1173 1137; x_wconf 86' lang='lat' dir='ltr'><strong>sobole</strong></span> <span class='ocrx_word' id='word_1_32' title='bbox 1188 1074 1448 1137; x_wconf 86' lang='lat' dir='ltr'><strong>renascentium·</strong></span> 
     </span>
     <span class='ocr_line' id='line_1_8' title="bbox 233 1159 1448 1245; baseline 0.002 -24"><span class='ocrx_word' id='word_1_33' title='bbox 233 1159 284 1221; x_wconf 87' lang='lat' dir='ltr'><strong>sac</strong></span> <span class='ocrx_word' id='word_1_34' title='bbox 308 1181 381 1222; x_wconf 88' lang='lat' dir='ltr'><strong>eam</strong></span> <span class='ocrx_word' id='word_1_35' title='bbox 398 1163 543 1241; x_wconf 81' lang='lat' dir='ltr'><strong>gaudere</strong></span> <span class='ocrx_word' id='word_1_36' title='bbox 558 1164 727 1245; x_wconf 90' lang='lat' dir='ltr'><strong>propitius.</strong></span> <span class='ocrx_word' id='word_1_37' title='bbox 753 1165 795 1225; x_wconf 89' lang='lat' dir='ltr'><strong>de</strong></span> <span class='ocrx_word' id='word_1_38' title='bbox 819 1183 953 1225; x_wconf 90' lang='lat' dir='ltr'><strong>suorum</strong></span> <span class='ocrx_word' id='word_1_39' title='bbox 980 1162 1182 1245; x_wconf 82' lang='lat' dir='ltr'><strong>profectibus</strong></span> <span class='ocrx_word' id='word_1_40' title='bbox 1208 1161 1364 1224; x_wconf 86' lang='lat' dir='ltr'><strong>filiorum.</strong></span> <span class='ocrx_word' id='word_1_41' title='bbox 1387 1182 1448 1244; x_wconf 84' lang='lat' dir='ltr'><strong>per</strong></span> 
     </span>
     <span class='ocr_line' id='line_1_9' title="bbox 233 1247 1233 1311; baseline 0.007 -2"><span class='ocrx_word' id='word_1_42' title='bbox 233 1247 405 1310; x_wconf 92' lang='lat' dir='ltr'><strong>dominum</strong></span> <span class='ocrx_word' id='word_1_43' title='bbox 422 1259 580 1311; x_wconf 87' lang='lat' dir='ltr'><strong>nostrum.</strong></span> <span class='ocrx_word' id='word_1_44' title='bbox 1230 1258 1233 1263; x_wconf 82' lang='grc'><em>“</em></span> 
     </span>
    </p>
   </div>
   <div class='ocr_carea' id='block_1_6' title="bbox 541 1473 1135 1541">
    <p class='ocr_par' dir='ltr' id='par_1_6' title="bbox 541 1473 1135 1541">
     <span class='ocr_line' id='line_1_10' title="bbox 541 1473 1135 1541; baseline 0.002 -2"><span class='ocrx_word' id='word_1_45' title='bbox 541 1477 738 1539; x_wconf 78' lang='lat' dir='ltr'><strong>Dontmcn</strong></span> <span class='ocrx_word' id='word_1_46' title='bbox 757 1473 929 1540; x_wconf 77' lang='lat' dir='ltr'><strong>Octnsns</strong></span> <span class='ocrx_word' id='word_1_47' title='bbox 955 1478 1135 1541; x_wconf 69' lang='lat' dir='ltr'><strong>Pascnns.</strong></span> 
     </span>
    </p>
   </div>
   <div class='ocr_carea' id='block_1_7' title="bbox 232 1613 1444 1784">
    <p class='ocr_par' dir='ltr' id='par_1_7' title="bbox 232 1613 1444 1784">
     <span class='ocr_line' id='line_1_11' title="bbox 277 1613 1444 1696; baseline 0 -19"><span class='ocrx_word' id='word_1_48' title='bbox 277 1615 412 1677; x_wconf 88' lang='lat' dir='ltr'><strong>Praesta</strong></span> <span class='ocrx_word' id='word_1_49' title='bbox 442 1633 623 1695; x_wconf 90' lang='lat' dir='ltr'><strong>quesumus</strong></span> <span class='ocrx_word' id='word_1_50' title='bbox 653 1615 867 1696; x_wconf 85' lang='lat' dir='ltr'><strong>omnipotens</strong></span> <span class='ocrx_word' id='word_1_51' title='bbox 891 1615 980 1677; x_wconf 83' lang='lat' dir='ltr'><strong>deus</strong></span> <span class='ocrx_word' id='word_1_52' title='bbox 1007 1625 1043 1677; x_wconf 94' lang='lat' dir='ltr'><strong>ut</strong></span> <span class='ocrx_word' id='word_1_53' title='bbox 1073 1614 1130 1696; x_wconf 92' lang='lat' dir='ltr'><strong>qui</strong></span> <span class='ocrx_word' id='word_1_54' title='bbox 1153 1613 1325 1695; x_wconf 91' lang='lat' dir='ltr'><strong>paschalia</strong></span> <span class='ocrx_word' id='word_1_55' title='bbox 1356 1613 1444 1677; x_wconf 83' lang='lat' dir='ltr'><strong>festa</strong></span> 
     </span>
     <span class='ocr_line' id='line_1_12' title="bbox 232 1700 1338 1784; baseline 0 -21"><span class='ocrx_word' id='word_1_56' title='bbox 232 1703 427 1784; x_wconf 82' lang='lat' dir='ltr'><strong>peregimus.</strong></span> <span class='ocrx_word' id='word_1_57' title='bbox 444 1702 525 1763; x_wconf 92' lang='lat' dir='ltr'><strong>haec</strong></span> <span class='ocrx_word' id='word_1_58' title='bbox 542 1712 575 1764; x_wconf 93' lang='lat' dir='ltr'><strong>te</strong></span> <span class='ocrx_word' id='word_1_59' title='bbox 586 1701 746 1782; x_wconf 86' lang='lat' dir='ltr'><strong>largiente</strong></span> <span class='ocrx_word' id='word_1_60' title='bbox 764 1700 911 1763; x_wconf 91' lang='lat' dir='ltr'><strong>moribus</strong></span> <span class='ocrx_word' id='word_1_61' title='bbox 926 1711 960 1763; x_wconf 93' lang='lat' dir='ltr'><strong>et</strong></span> <span class='ocrx_word' id='word_1_62' title='bbox 983 1703 1052 1765; x_wconf 87' lang='lat' dir='ltr'><strong>uita</strong></span> <span class='ocrx_word' id='word_1_63' title='bbox 1068 1711 1251 1764; x_wconf 78' lang='lat' dir='ltr'><strong>teneamus</strong></span> <span class='ocrx_word' id='word_1_64' title='bbox 1270 1721 1338 1783; x_wconf 91' lang='lat' dir='ltr'><strong>per.</strong></span> 
     </span>
    </p>
   </div>
   <div class='ocr_carea' id='block_1_8' title="bbox 767 1848 905 1911">
    <p class='ocr_par' dir='ltr' id='par_1_8' title="bbox 767 1848 905 1911">
     <span class='ocr_line' id='line_1_13' title="bbox 767 1848 905 1911; baseline -0.014 0"><span class='ocrx_word' id='word_1_65' title='bbox 767 1848 905 1911; x_wconf 79' lang='lat' dir='ltr'><strong>Secreta.</strong></span> 
     </span>
    </p>
   </div>
   <div class='ocr_carea' id='block_1_9' title="bbox 235 1965 1444 2223">
    <p class='ocr_par' dir='ltr' id='par_1_9' title="bbox 235 1965 1444 2223">
     <span class='ocr_line' id='line_1_14' title="bbox 279 1965 1442 2048; baseline 0 -18"><span class='ocrx_word' id='word_1_66' title='bbox 279 1965 417 2048; x_wconf 89' lang='lat' dir='ltr'><strong>Suscipe</strong></span> <span class='ocrx_word' id='word_1_67' title='bbox 434 1987 571 2029; x_wconf 90' lang='lat' dir='ltr'><strong>munera</strong></span> <span class='ocrx_word' id='word_1_68' title='bbox 586 1987 768 2048; x_wconf 89' lang='lat' dir='ltr'><strong>quesumus</strong></span> <span class='ocrx_word' id='word_1_69' title='bbox 783 1967 919 2029; x_wconf 89' lang='lat' dir='ltr'><strong>domine</strong></span> <span class='ocrx_word' id='word_1_70' title='bbox 935 1966 1119 2030; x_wconf 85' lang='lat' dir='ltr'><strong>exultantis</strong></span> <span class='ocrx_word' id='word_1_71' title='bbox 1135 1967 1322 2031; x_wconf 89' lang='lat' dir='ltr'><strong>aecclesiae.</strong></span> <span class='ocrx_word' id='word_1_72' title='bbox 1337 1978 1371 2031; x_wconf 89' lang='lat' dir='ltr'><strong>et</strong></span> <span class='ocrx_word' id='word_1_73' title='bbox 1387 1968 1442 2031; x_wconf 89' lang='lat' dir='ltr'><strong>cui</strong></span> 
     </span>
     <span class='ocr_line' id='line_1_15' title="bbox 235 2054 1444 2137; baseline 0.002 -21"><span class='ocrx_word' id='word_1_74' title='bbox 235 2074 369 2116; x_wconf 90' lang='lat' dir='ltr'><strong>causam</strong></span> <span class='ocrx_word' id='word_1_75' title='bbox 408 2056 491 2116; x_wconf 90' lang='lat' dir='ltr'><strong>tanti</strong></span> <span class='ocrx_word' id='word_1_76' title='bbox 523 2055 635 2135; x_wconf 87' lang='lat' dir='ltr'><strong>gaudii</strong></span> <span class='ocrx_word' id='word_1_77' title='bbox 667 2055 869 2135; x_wconf 87' lang='lat' dir='ltr'><strong>praestitisti.</strong></span> <span class='ocrx_word' id='word_1_78' title='bbox 901 2065 1099 2137; x_wconf 90' lang='lat' dir='ltr'><strong>perpetuum</strong></span> <span class='ocrx_word' id='word_1_79' title='bbox 1125 2054 1268 2118; x_wconf 81' lang='lat' dir='ltr'><strong>fructum</strong></span> <span class='ocrx_word' id='word_1_80' title='bbox 1291 2057 1444 2118; x_wconf 88' lang='lat' dir='ltr'><strong>concede</strong></span> 
     </span>
     <span class='ocr_line' id='line_1_16' title="bbox 236 2142 472 2223; baseline -0.013 -19"><span class='ocrx_word' id='word_1_81' title='bbox 236 2142 387 2204; x_wconf 88' lang='lat' dir='ltr'><strong>laetitiae.</strong></span> <span class='ocrx_word' id='word_1_82' title='bbox 408 2162 472 2223; x_wconf 88' lang='lat' dir='ltr'><strong>per.</strong></span> 
     </span>
    </p>
   </div>
   <div class='ocr_carea' id='block_1_10' title="bbox 755 2270 935 2349">
    <p class='ocr_par' dir='ltr' id='par_1_10' title="bbox 755 2270 935 2349">
     <span class='ocr_line' id='line_1_17' title="bbox 755 2270 935 2349; baseline -0.006 -16"><span class='ocrx_word' id='word_1_83' title='bbox 755 2270 935 2349; x_wconf 82' lang='lat' dir='ltr'><strong>Praefatio.</strong></span> 
     </span>
    </p>
   </div>
   <div class='ocr_carea' id='block_1_11' title="bbox 236 2391 1441 2733">
    <p class='ocr_par' dir='ltr' id='par_1_11' title="bbox 236 2391 1441 2733">
     <span class='ocr_line' id='line_1_18' title="bbox 280 2391 1440 2473; baseline 0.003 -20"><span class='ocrx_word' id='word_1_84' title='bbox 280 2391 330 2453; x_wconf 70' lang='lat' dir='ltr'><strong>(D</strong></span> <span class='ocrx_word' id='word_1_85' title='bbox 371 2400 504 2453; x_wconf 88' lang='lat' dir='ltr'><strong>aeterne</strong></span> <span class='ocrx_word' id='word_1_86' title='bbox 541 2391 631 2453; x_wconf 88' lang='lat' dir='ltr'><strong>deus.</strong></span> <span class='ocrx_word' id='word_1_87' title='bbox 703 2391 748 2453; x_wconf 90' lang='lat' dir='ltr'><strong>Et</strong></span> <span class='ocrx_word' id='word_1_88' title='bbox 771 2401 804 2453; x_wconf 91' lang='lat' dir='ltr'><strong>te</strong></span> <span class='ocrx_word' id='word_1_89' title='bbox 828 2391 1021 2473; x_wconf 90' lang='lat' dir='ltr'><strong>suppliciter</strong></span> <span class='ocrx_word' id='word_1_90' title='bbox 1043 2391 1223 2454; x_wconf 90' lang='lat' dir='ltr'><strong>obsecrare.</strong></span> <span class='ocrx_word' id='word_1_91' title='bbox 1241 2411 1284 2454; x_wconf 92' lang='lat' dir='ltr'><strong>ne</strong></span> <span class='ocrx_word' id='word_1_92' title='bbox 1311 2413 1373 2455; x_wconf 92' lang='lat' dir='ltr'><strong>nos</strong></span> <span class='ocrx_word' id='word_1_93' title='bbox 1396 2397 1440 2457; x_wconf 91' lang='lat' dir='ltr'><strong>ad</strong></span> 
     </span>
     <span class='ocr_line' id='line_1_19' title="bbox 236 2476 1440 2560; baseline 0.005 -23"><span class='ocrx_word' id='word_1_94' title='bbox 236 2476 327 2539; x_wconf 90' lang='lat' dir='ltr'><strong>illum</strong></span> <span class='ocrx_word' id='word_1_95' title='bbox 345 2478 434 2539; x_wconf 88' lang='lat' dir='ltr'><strong>sinas</strong></span> <span class='ocrx_word' id='word_1_96' title='bbox 446 2479 551 2540; x_wconf 89' lang='lat' dir='ltr'><strong>redire</strong></span> <span class='ocrx_word' id='word_1_97' title='bbox 567 2489 687 2541; x_wconf 86' lang='lat' dir='ltr'><strong>actum.</strong></span> <span class='ocrx_word' id='word_1_98' title='bbox 704 2479 756 2540; x_wconf 90' lang='lat' dir='ltr'><strong>cui</strong></span> <span class='ocrx_word' id='word_1_99' title='bbox 780 2479 849 2540; x_wconf 89' lang='lat' dir='ltr'><strong>iure</strong></span> <span class='ocrx_word' id='word_1_100' title='bbox 872 2477 1078 2560; x_wconf 71' lang='lat' dir='ltr'><strong>domilnatur</strong></span> <span class='ocrx_word' id='word_1_101' title='bbox 1099 2480 1259 2542; x_wconf 80' lang='lat' dir='ltr'><strong>inimicus</strong></span> <span class='ocrx_word' id='word_1_102' title='bbox 1283 2478 1340 2560; x_wconf 84' lang='lat' dir='ltr'><strong>[so</strong></span> <span class='ocrx_word' id='word_1_103' title='bbox 1366 2496 1440 2560; x_wconf 82' lang='lat' dir='ltr'>77v.</span> 
     </span>
     <span class='ocr_line' id='line_1_20' title="bbox 237 2563 1441 2648; baseline 0.002 -21"><span class='ocrx_word' id='word_1_104' title='bbox 237 2563 304 2627; x_wconf 85' lang='lat' dir='ltr'><strong>Sed</strong></span> <span class='ocrx_word' id='word_1_105' title='bbox 335 2565 367 2625; x_wconf 92' lang='lat' dir='ltr'><strong>in</strong></span> <span class='ocrx_word' id='word_1_106' title='bbox 395 2565 456 2626; x_wconf 90' lang='lat' dir='ltr'><strong>hac</strong></span> <span class='ocrx_word' id='word_1_107' title='bbox 487 2566 598 2646; x_wconf 87' lang='lat' dir='ltr'><strong>potius</strong></span> <span class='ocrx_word' id='word_1_108' title='bbox 636 2564 735 2626; x_wconf 85' lang='lat' dir='ltr'><strong>facias</strong></span> <span class='ocrx_word' id='word_1_109' title='bbox 774 2565 982 2627; x_wconf 91' lang='lat' dir='ltr'><strong>absolutione</strong></span> <span class='ocrx_word' id='word_1_110' title='bbox 1019 2567 1201 2646; x_wconf 88' lang='lat' dir='ltr'><strong>persistere.</strong></span> <span class='ocrx_word' id='word_1_111' title='bbox 1241 2584 1299 2646; x_wconf 87' lang='lat' dir='ltr'><strong>per</strong></span> <span class='ocrx_word' id='word_1_112' title='bbox 1337 2587 1441 2648; x_wconf 81' lang='lat' dir='ltr'><strong>quant</strong></span> 
     </span>
     <span class='ocr_line' id='line_1_21' title="bbox 236 2651 1210 2733; baseline 0.001 -20"><span class='ocrx_word' id='word_1_113' title='bbox 236 2651 387 2713; x_wconf 84' lang='lat' dir='ltr'><strong>diabolus</strong></span> <span class='ocrx_word' id='word_1_114' title='bbox 404 2654 516 2714; x_wconf 81' lang='lat' dir='ltr'><strong>extitit</strong></span> <span class='ocrx_word' id='word_1_115' title='bbox 534 2651 600 2714; x_wconf 85' lang='lat' dir='ltr'><strong>filio</strong></span> <span class='ocrx_word' id='word_1_116' title='bbox 617 2663 675 2714; x_wconf 91' lang='lat' dir='ltr'><strong>tuo</strong></span> <span class='ocrx_word' id='word_1_117' title='bbox 692 2653 844 2713; x_wconf 89' lang='lat' dir='ltr'><strong>uincente</strong></span> <span class='ocrx_word' id='word_1_118' title='bbox 859 2652 1019 2733; x_wconf 90' lang='lat' dir='ltr'><strong>captiuus.</strong></span> <span class='ocrx_word' id='word_1_119' title='bbox 1066 2654 1112 2714; x_wconf 88' lang='lat' dir='ltr'><strong>Et</strong></span> <span class='ocrx_word' id='word_1_120' title='bbox 1128 2653 1210 2714; x_wconf 85' lang='lat' dir='ltr'><strong>ideo</strong></span> 
     </span>
    </p>
   </div>
   <div class='ocr_carea' id='block_1_12' title="bbox 692 2805 983 2887">
    <p class='ocr_par' dir='ltr' id='par_1_12' title="bbox 692 2805 983 2887">
     <span class='ocr_line' id='line_1_22' title="bbox 692 2805 983 2887; baseline 0 -19"><span class='ocrx_word' id='word_1_121' title='bbox 692 2805 983 2887; x_wconf 79' lang='lat' dir='ltr'><strong>Adcorrrplcndurn.</strong></span> 
     </span>
    </p>
   </div>
   <div class='ocr_carea' id='block_1_13' title="bbox 237 2922 1441 3181">
    <p class='ocr_par' dir='ltr' id='par_1_13' title="bbox 237 2922 1441 3181">
     <span class='ocr_line' id='line_1_23' title="bbox 279 2922 1441 3009; baseline 0.004 -24"><span class='ocrx_word' id='word_1_122' title='bbox 279 2922 470 3006; x_wconf 87' lang='lat' dir='ltr'><strong>Quesumus</strong></span> <span class='ocrx_word' id='word_1_123' title='bbox 487 2925 622 2987; x_wconf 90' lang='lat' dir='ltr'><strong>domine</strong></span> <span class='ocrx_word' id='word_1_124' title='bbox 649 2926 731 2987; x_wconf 90' lang='lat' dir='ltr'><strong>deus</strong></span> <span class='ocrx_word' id='word_1_125' title='bbox 756 2937 867 2987; x_wconf 88' lang='lat' dir='ltr'><strong>noster</strong></span> <span class='ocrx_word' id='word_1_126' title='bbox 883 2936 920 2987; x_wconf 95' lang='lat' dir='ltr'><strong>ut</strong></span> <span class='ocrx_word' id='word_1_127' title='bbox 936 2935 1146 2988; x_wconf 88' lang='lat' dir='ltr'><strong>sacrosancta</strong></span> <span class='ocrx_word' id='word_1_128' title='bbox 1171 2928 1332 3008; x_wconf 88' lang='lat' dir='ltr'><strong>mysteria</strong></span> <span class='ocrx_word' id='word_1_129' title='bbox 1353 2950 1441 3009; x_wconf 88' lang='lat' dir='ltr'><strong>quae</strong></span> 
     </span>
     <span class='ocr_line' id='line_1_24' title="bbox 237 3012 1440 3095; baseline 0.004 -24"><span class='ocrx_word' id='word_1_130' title='bbox 237 3031 297 3092; x_wconf 94' lang='lat' dir='ltr'><strong>pro</strong></span> <span class='ocrx_word' id='word_1_131' title='bbox 313 3013 528 3091; x_wconf 88' lang='lat' dir='ltr'><strong>reparationis</strong></span> <span class='ocrx_word' id='word_1_132' title='bbox 553 3023 684 3074; x_wconf 88' lang='lat' dir='ltr'><strong>nostrae</strong></span> <span class='ocrx_word' id='word_1_133' title='bbox 709 3014 892 3074; x_wconf 88' lang='lat' dir='ltr'><strong>munimine</strong></span> <span class='ocrx_word' id='word_1_134' title='bbox 907 3012 1082 3074; x_wconf 88' lang='lat' dir='ltr'><strong>contulisti.</strong></span> <span class='ocrx_word' id='word_1_135' title='bbox 1107 3024 1140 3076; x_wconf 89' lang='lat' dir='ltr'><strong>et</strong></span> <span class='ocrx_word' id='word_1_136' title='bbox 1164 3035 1320 3095; x_wconf 85' lang='lat' dir='ltr'><strong>praesens</strong></span> <span class='ocrx_word' id='word_1_137' title='bbox 1344 3017 1440 3078; x_wconf 85' lang='lat' dir='ltr'><strong>nobis</strong></span> 
     </span>
     <span class='ocr_line' id='line_1_25' title="bbox 238 3099 1117 3181; baseline 0.002 -22"><span class='ocrx_word' id='word_1_138' title='bbox 238 3099 420 3160; x_wconf 87' lang='lat' dir='ltr'><strong>remedium</strong></span> <span class='ocrx_word' id='word_1_139' title='bbox 437 3119 508 3160; x_wconf 86' lang='lat' dir='ltr'><strong>esse</strong></span> <span class='ocrx_word' id='word_1_140' title='bbox 524 3099 624 3161; x_wconf 83' lang='lat' dir='ltr'><strong>iacias</strong></span> <span class='ocrx_word' id='word_1_141' title='bbox 641 3110 674 3161; x_wconf 87' lang='lat' dir='ltr'><strong>et</strong></span> <span class='ocrx_word' id='word_1_142' title='bbox 691 3099 844 3162; x_wconf 82' lang='lat' dir='ltr'><strong>futurum.</strong></span> <span class='ocrx_word' id='word_1_143' title='bbox 861 3120 920 3181; x_wconf 91' lang='lat' dir='ltr'><strong>per</strong></span> <span class='ocrx_word' id='word_1_144' title='bbox 935 3100 1117 3162; x_wconf 88' lang='lat' dir='ltr'><strong>dominum.</strong></span> 
     </span>
    </p>
   </div>
   <div class='ocr_carea' id='block_1_14' title="bbox 623 3251 1076 3333">
    <p class='ocr_par' dir='ltr' id='par_1_14' title="bbox 623 3251 1076 3333">
     <span class='ocr_line' id='line_1_26' title="bbox 623 3251 1076 3333; baseline -0.002 -18"><span class='ocrx_word' id='word_1_145' title='bbox 623 3253 723 3315; x_wconf 83' lang='lat' dir='ltr'><strong>Aliae</strong></span> <span class='ocrx_word' id='word_1_146' title='bbox 736 3254 897 3315; x_wconf 80' lang='lat' dir='ltr'><strong>orationes</strong></span> <span class='ocrx_word' id='word_1_147' title='bbox 903 3251 1076 3333; x_wconf 70' lang='lat' dir='ltr'><strong>paschales.</strong></span> 
     </span>
    </p>
   </div>
   <div class='ocr_carea' id='block_1_15' title="bbox 238 3367 1441 3626">
    <p class='ocr_par' dir='ltr' id='par_1_15' title="bbox 238 3367 1441 3626">
     <span class='ocr_line' id='line_1_27' title="bbox 283 3367 1441 3451; baseline 0.004 -23"><span class='ocrx_word' id='word_1_148' title='bbox 283 3367 375 3429; x_wconf 91' lang='lat' dir='ltr'><strong>Deus</strong></span> <span class='ocrx_word' id='word_1_149' title='bbox 402 3367 458 3448; x_wconf 90' lang='lat' dir='ltr'><strong>qui</strong></span> <span class='ocrx_word' id='word_1_150' title='bbox 489 3388 550 3431; x_wconf 89' lang='lat' dir='ltr'><strong>nos</strong></span> <span class='ocrx_word' id='word_1_151' title='bbox 581 3369 810 3432; x_wconf 84' lang='lat' dir='ltr'><strong>exultantibus</strong></span> <span class='ocrx_word' id='word_1_152' title='bbox 841 3371 960 3432; x_wconf 89' lang='lat' dir='ltr'><strong>anirnis</strong></span> <span class='ocrx_word' id='word_1_153' title='bbox 989 3370 1113 3451; x_wconf 86' lang='lat' dir='ltr'><strong>pascha</strong></span> <span class='ocrx_word' id='word_1_154' title='bbox 1136 3380 1230 3432; x_wconf 89' lang='lat' dir='ltr'><strong>tuum</strong></span> <span class='ocrx_word' id='word_1_155' title='bbox 1253 3369 1441 3433; x_wconf 89' lang='lat' dir='ltr'><strong>caelebrare</strong></span> 
     </span>
     <span class='ocr_line' id='line_1_28' title="bbox 238 3453 1441 3538; baseline 0.004 -23"><span class='ocrx_word' id='word_1_156' title='bbox 238 3453 388 3515; x_wconf 84' lang='lat' dir='ltr'><strong>tribuisti.</strong></span> <span class='ocrx_word' id='word_1_157' title='bbox 407 3456 457 3516; x_wconf 86' lang='lat' dir='ltr'><strong>fac</strong></span> <span class='ocrx_word' id='word_1_158' title='bbox 470 3475 530 3516; x_wconf 91' lang='lat' dir='ltr'><strong>nos</strong></span> <span class='ocrx_word' id='word_1_159' title='bbox 546 3477 726 3536; x_wconf 85' lang='lat' dir='ltr'><strong>quesumus</strong></span> <span class='ocrx_word' id='word_1_160' title='bbox 750 3468 783 3519; x_wconf 87' lang='lat' dir='ltr'><strong>et</strong></span> <span class='ocrx_word' id='word_1_161' title='bbox 799 3457 1038 3538; x_wconf 87' lang='lat' dir='ltr'><strong>temporalibus</strong></span> <span class='ocrx_word' id='word_1_162' title='bbox 1060 3460 1205 3537; x_wconf 85' lang='lat' dir='ltr'><strong>gaudere</strong></span> <span class='ocrx_word' id='word_1_163' title='bbox 1228 3457 1392 3520; x_wconf 82' lang='lat' dir='ltr'><strong>subsidiis,</strong></span> <span class='ocrx_word' id='word_1_164' title='bbox 1409 3471 1441 3520; x_wconf 88' lang='lat' dir='ltr'><strong>ct</strong></span> 
     </span>
     <span class='ocr_line' id='line_1_29' title="bbox 239 3542 1081 3626; baseline 0.002 -23"><span class='ocrx_word' id='word_1_165' title='bbox 239 3542 442 3604; x_wconf 85' lang='lat' dir='ltr'><strong>aeternitatis</strong></span> <span class='ocrx_word' id='word_1_166' title='bbox 459 3542 631 3606; x_wconf 83' lang='lat' dir='ltr'><strong>effectibus</strong></span> <span class='ocrx_word' id='word_1_167' title='bbox 647 3544 813 3625; x_wconf 79' lang='lat' dir='ltr'><strong>gratulari.</strong></span> <span class='ocrx_word' id='word_1_168' title='bbox 830 3566 888 3626; x_wconf 87' lang='lat' dir='ltr'><strong>per</strong></span> <span class='ocrx_word' id='word_1_169' title='bbox 899 3545 1081 3606; x_wconf 91' lang='lat' dir='ltr'><strong>dominum.</strong></span> 
     </span>
    </p>
   </div>
   <div class='ocr_carea' id='block_1_16' title="bbox 790 3698 882 3761">
    <p class='ocr_par' dir='ltr' id='par_1_16' title="bbox 790 3698 882 3761">
     <span class='ocr_line' id='line_1_30' title="bbox 790 3698 882 3761; baseline 0.011 -1"><span class='ocrx_word' id='word_1_170' title='bbox 790 3698 882 3761; x_wconf 80' lang='lat' dir='ltr'><strong>Alia.</strong></span> 
     </span>
    </p>
   </div>
   <div class='ocr_carea' id='block_1_17' title="bbox 240 3816 1442 3989">
    <p class='ocr_par' dir='ltr' id='par_1_17' title="bbox 240 3816 1442 3989">
     <span class='ocr_line' id='line_1_31' title="bbox 283 3816 1442 3902; baseline 0.006 -25"><span class='ocrx_word' id='word_1_171' title='bbox 283 3816 375 3878; x_wconf 91' lang='lat' dir='ltr'><strong>Deus</strong></span> <span class='ocrx_word' id='word_1_172' title='bbox 390 3817 446 3897; x_wconf 93' lang='lat' dir='ltr'><strong>qui</strong></span> <span class='ocrx_word' id='word_1_173' title='bbox 462 3837 578 3878; x_wconf 89' lang='lat' dir='ltr'><strong>omnes</strong></span> <span class='ocrx_word' id='word_1_174' title='bbox 595 3817 626 3878; x_wconf 92' lang='lat' dir='ltr'><strong>in</strong></span> <span class='ocrx_word' id='word_1_175' title='bbox 644 3816 766 3881; x_wconf 90' lang='lat' dir='ltr'><strong>christo</strong></span> <span class='ocrx_word' id='word_1_176' title='bbox 782 3830 915 3882; x_wconf 89' lang='lat' dir='ltr'><strong>renatos</strong></span> <span class='ocrx_word' id='word_1_177' title='bbox 930 3840 1035 3900; x_wconf 84' lang='lat' dir='ltr'><strong>genus</strong></span> <span class='ocrx_word' id='word_1_178' title='bbox 1047 3821 1172 3902; x_wconf 81' lang='lat' dir='ltr'><strong>regium</strong></span> <span class='ocrx_word' id='word_1_179' title='bbox 1189 3830 1222 3883; x_wconf 92' lang='lat' dir='ltr'><strong>et</strong></span> <span class='ocrx_word' id='word_1_180' title='bbox 1236 3822 1442 3886; x_wconf 87' lang='lat' dir='ltr'><strong>sacerdotale</strong></span> 
     </span>
     <span class='ocr_line' id='line_1_32' title="bbox 240 3903 1442 3989; baseline 0.006 -25"><span class='ocrx_word' id='word_1_181' title='bbox 240 3903 352 3965; x_wconf 81' lang='lat' dir='ltr'><strong>iecisti.</strong></span> <span class='ocrx_word' id='word_1_182' title='bbox 370 3905 413 3966; x_wconf 89' lang='lat' dir='ltr'><strong>da</strong></span> <span class='ocrx_word' id='word_1_183' title='bbox 429 3905 525 3965; x_wconf 92' lang='lat' dir='ltr'><strong>nobis</strong></span> <span class='ocrx_word' id='word_1_184' title='bbox 548 3915 581 3966; x_wconf 93' lang='lat' dir='ltr'><strong>et</strong></span> <span class='ocrx_word' id='word_1_185' title='bbox 604 3904 690 3967; x_wconf 90' lang='lat' dir='ltr'><strong>uelle</strong></span> <span class='ocrx_word' id='word_1_186' title='bbox 713 3916 746 3968; x_wconf 88' lang='lat' dir='ltr'><strong>et</strong></span> <span class='ocrx_word' id='word_1_187' title='bbox 769 3927 867 3988; x_wconf 82' lang='lat' dir='ltr'><strong>posse</strong></span> <span class='ocrx_word' id='word_1_188' title='bbox 890 3927 975 3988; x_wconf 85' lang='lat' dir='ltr'><strong>quae</strong></span> <span class='ocrx_word' id='word_1_189' title='bbox 998 3908 1167 3989; x_wconf 82' lang='lat' dir='ltr'><strong>praecipis,</strong></span> <span class='ocrx_word' id='word_1_190' title='bbox 1192 3919 1228 3970; x_wconf 92' lang='lat' dir='ltr'><strong>ut</strong></span> <span class='ocrx_word' id='word_1_191' title='bbox 1251 3909 1378 3989; x_wconf 89' lang='lat' dir='ltr'><strong>populo</strong></span> <span class='ocrx_word' id='word_1_192' title='bbox 1401 3913 1442 3972; x_wconf 90' lang='lat' dir='ltr'><strong>ad</strong></span> 
     </span>
    </p>
   </div>
   <div class='ocr_carea' id='block_1_18' title="bbox 239 3990 1442 4159">
    <p class='ocr_par' dir='ltr' id='par_1_18' title="bbox 239 3990 1442 4159">
     <span class='ocr_line' id='line_1_33' title="bbox 239 3990 1442 4076; baseline 0.005 -24"><span class='ocrx_word' id='word_1_193' title='bbox 239 3990 470 4053; x_wconf 90' lang='lat' dir='ltr'><strong>aeternitatem</strong></span> <span class='ocrx_word' id='word_1_194' title='bbox 494 4000 621 4054; x_wconf 87' lang='lat' dir='ltr'><strong>uocato</strong></span> <span class='ocrx_word' id='word_1_195' title='bbox 646 4012 712 4053; x_wconf 91' lang='lat' dir='ltr'><strong>una</strong></span> <span class='ocrx_word' id='word_1_196' title='bbox 734 3993 777 4056; x_wconf 87' lang='lat' dir='ltr'><strong>sit</strong></span> <span class='ocrx_word' id='word_1_197' title='bbox 800 3993 882 4056; x_wconf 84' lang='lat' dir='ltr'><strong>tides</strong></span> <span class='ocrx_word' id='word_1_198' title='bbox 905 3995 1054 4057; x_wconf 90' lang='lat' dir='ltr'><strong>cordium</strong></span> <span class='ocrx_word' id='word_1_199' title='bbox 1077 4005 1111 4056; x_wconf 87' lang='lat' dir='ltr'><strong>et</strong></span> <span class='ocrx_word' id='word_1_200' title='bbox 1133 3996 1240 4076; x_wconf 89' lang='lat' dir='ltr'><strong>pietas</strong></span> <span class='ocrx_word' id='word_1_201' title='bbox 1263 3997 1442 4059; x_wconf 88' lang='lat' dir='ltr'><strong>actionum.</strong></span> 
     </span>
     <span class='ocr_line' id='line_1_34' title="bbox 240 4079 468 4159; baseline 0.009 -21"><span class='ocrx_word' id='word_1_202' title='bbox 240 4098 299 4159; x_wconf 93' lang='lat' dir='ltr'><strong>per</strong></span> <span class='ocrx_word' id='word_1_203' title='bbox 315 4079 468 4140; x_wconf 90' lang='lat' dir='ltr'><strong>eundem.</strong></span> 
     </span>
    </p>
   </div>
   <div class='ocr_carea' id='block_1_19' title="bbox 792 4201 883 4264">
    <p class='ocr_par' dir='ltr' id='par_1_19' title="bbox 792 4201 883 4264">
     <span class='ocr_line' id='line_1_35' title="bbox 792 4201 883 4264; baseline 0 0"><span class='ocrx_word' id='word_1_204' title='bbox 792 4201 883 4264; x_wconf 80' lang='lat' dir='ltr'><strong>Alia.</strong></span> 
     </span>
    </p>
   </div>
   <div class='ocr_carea' id='block_1_20' title="bbox 242 4315 1444 4574">
    <p class='ocr_par' dir='ltr' id='par_1_20' title="bbox 242 4315 1444 4574">
     <span class='ocr_line' id='line_1_36' title="bbox 286 4315 1444 4402; baseline 0.004 -25"><span class='ocrx_word' id='word_1_205' title='bbox 286 4315 379 4378; x_wconf 86' lang='lat' dir='ltr'><strong>Deus</strong></span> <span class='ocrx_word' id='word_1_206' title='bbox 409 4315 465 4397; x_wconf 94' lang='lat' dir='ltr'><strong>qui</strong></span> <span class='ocrx_word' id='word_1_207' title='bbox 496 4316 668 4379; x_wconf 89' lang='lat' dir='ltr'><strong>credentes</strong></span> <span class='ocrx_word' id='word_1_208' title='bbox 695 4317 784 4380; x_wconf 90' lang='lat' dir='ltr'><strong>inte</strong></span> <span class='ocrx_word' id='word_1_209' title='bbox 809 4318 899 4381; x_wconf 90' lang='lat' dir='ltr'><strong>fonte</strong></span> <span class='ocrx_word' id='word_1_210' title='bbox 923 4318 1134 4402; x_wconf 85' lang='lat' dir='ltr'><strong>baptismatis</strong></span> <span class='ocrx_word' id='word_1_211' title='bbox 1158 4319 1333 4383; x_wconf 89' lang='lat' dir='ltr'><strong>innouasti.</strong></span> <span class='ocrx_word' id='word_1_212' title='bbox 1358 4321 1444 4382; x_wconf 90' lang='lat' dir='ltr'><strong>hanc</strong></span> 
     </span>
     <span class='ocr_line' id='line_1_37' title="bbox 242 4402 1442 4471; baseline 0.006 -8"><span class='ocrx_word' id='word_1_213' title='bbox 242 4404 363 4464; x_wconf 88' lang='lat' dir='ltr'><strong>renatis</strong></span> <span class='ocrx_word' id='word_1_214' title='bbox 392 4403 423 4465; x_wconf 95' lang='lat' dir='ltr'><strong>in</strong></span> <span class='ocrx_word' id='word_1_215' title='bbox 448 4402 571 4465; x_wconf 90' lang='lat' dir='ltr'><strong>christo</strong></span> <span class='ocrx_word' id='word_1_216' title='bbox 602 4405 747 4467; x_wconf 91' lang='lat' dir='ltr'><strong>concede</strong></span> <span class='ocrx_word' id='word_1_217' title='bbox 770 4405 964 4468; x_wconf 89' lang='lat' dir='ltr'><strong>custodiam.</strong></span> <span class='ocrx_word' id='word_1_218' title='bbox 989 4416 1026 4468; x_wconf 92' lang='lat' dir='ltr'><strong>ut</strong></span> <span class='ocrx_word' id='word_1_219' title='bbox 1056 4406 1148 4467; x_wconf 89' lang='lat' dir='ltr'><strong>nullo</strong></span> <span class='ocrx_word' id='word_1_220' title='bbox 1171 4408 1288 4468; x_wconf 88' lang='lat' dir='ltr'><strong>erroris</strong></span> <span class='ocrx_word' id='word_1_221' title='bbox 1311 4408 1442 4471; x_wconf 87' lang='lat' dir='ltr'><strong>incursu</strong></span> 
     </span>
     <span class='ocr_line' id='line_1_38' title="bbox 242 4489 1158 4574; baseline 0.003 -23"><span class='ocrx_word' id='word_1_222' title='bbox 242 4490 384 4568; x_wconf 79' lang='lat' dir='ltr'><strong>gratiam</strong></span> <span class='ocrx_word' id='word_1_223' title='bbox 401 4500 478 4552; x_wconf 89' lang='lat' dir='ltr'><strong>tuae</strong></span> <span class='ocrx_word' id='word_1_224' title='bbox 494 4489 734 4554; x_wconf 92' lang='lat' dir='ltr'><strong>benedictionis</strong></span> <span class='ocrx_word' id='word_1_225' title='bbox 750 4493 913 4556; x_wconf 90' lang='lat' dir='ltr'><strong>amittant.</strong></span> <span class='ocrx_word' id='word_1_226' title='bbox 930 4512 990 4574; x_wconf 91' lang='lat' dir='ltr'><strong>per</strong></span> <span class='ocrx_word' id='word_1_227' title='bbox 1008 4493 1158 4555; x_wconf 91' lang='lat' dir='ltr'><strong>eundern.</strong></span> 
     </span>
    </p>
   </div>
   <div class='ocr_carea' id='block_1_21' title="bbox 0 0 1538 5106">
    <p class='ocr_par' dir='ltr' id='par_1_21' title="bbox 0 0 1538 5106">
     <span class='ocr_line' id='line_1_39' title="bbox 0 0 1538 5106; baseline 0 0"><span class='ocrx_word' id='word_1_228' title='bbox 0 0 1538 5106; x_wconf 95' lang='lat' dir='ltr'><strong> </strong></span> 
     </span>
    </p>
   </div>
  </div>
 </body>
</html>
