3038 5106
515 345 757 399 BENEDICTIO
777 344 903 399 PUYEI.

511 524 750 591 Bauamcmo
772 524 899 591 Parus.

152 650 321 717 Benedico
335 660 371 717 te
384 660 570 718 creaturam
586 652 683 736 panis
694 655 729 716 in
741 654 876 717 nomine
891 652 995 736 patris
1006 661 1040 716 et
1055 651 1113 716 filii
1129 661 1163 716 et
1177 653 1311 737 spiritus

108 741 214 803 sancti
237 760 297 825 per
311 741 468 804 uirtutem
488 740 676 804 dominicae
698 740 863 824 passionis
877 750 912 803 et
927 740 1173 804 resurrectionis
1188 761 1209 803 a
1225 761 1313 804 mor·

108 828 181 891 tuis.
197 835 235 890 ut
249 826 474 892 sanctificatus
489 827 593 890 uerbo
612 828 667 891 dei
690 826 956 891 benedictionem
980 847 1130 891 assumas
1153 828 1313 892 aduersus

108 933 225 977 omnes
250 915 414 997 nequitias
437 913 610 998 spiritales.
633 923 668 978 et
690 915 860 978 uniuersas
883 913 1117 978 inualitudines
1141 913 1312 979 infirmita-

108 1012 226 1082 tesque
242 1001 475 1065 membrorum.
486 1011 523 1065 ut
532 1000 733 1084 quicumque
742 1011 776 1066 te
785 1002 987 1085 sumpserint
998 1002 1043 1064 sis
1058 1001 1107 1065 eis
1122 1001 1154 1064 in
1171 1002 1310 1066 tutelam

110 1088 230 1151 mentis
259 1098 294 1152 et
323 1090 478 1172 corporis.
509 1089 542 1152 in
573 1088 699 1151 honore
728 1089 856 1153 domini
881 1089 984 1151 nostri
1012 1088 1082 1152 iesu
1108 1088 1229 1152 christi.
1253 1089 1310 1170 qui

107 1194 184 1237 cum
199 1186 303 1258 patre.

665 1291 758 1354 Alia.

152 1402 298 1465 Benedic
328 1403 464 1465 domine
494 1412 678 1467 creaturam
717 1403 815 1467 istam
854 1403 958 1486 panis.
989 1402 1075 1466 sicut
1108 1403 1310 1466 benedixisti

108 1489 255 1571 quinque
271 1509 374 1572 panes
390 1490 423 1552 in
447 1490 587 1553 deserto.
610 1500 647 1553 ut
672 1510 790 1553 omnes
814 1499 987 1572 gustantes
1011 1510 1055 1552 ex
1080 1510 1121 1553 eo
1144 1490 1310 1571 accipiant

107 1584 178 1639 tam
194 1577 339 1660 corporis
355 1596 456 1658 quam
472 1577 604 1640 animae
619 1578 806 1641 sanitatem.
822 1579 878 1658 qui
894 1597 969 1639 cum
991 1586 1094 1658 patre.

501 1743 738 1808 Bauamcrro
755 1743 923 1810 lucausr.

153 1871 299 1935 Domine
322 1874 404 1936 deus
427 1873 638 1956 omnipotens
665 1873 716 1935 cui
744 1872 902 1936 assistunt
927 1872 1092 1935 exercitus
1115 1871 1310 1953 angelorum

108 1978 185 2022 cum
208 1969 351 2023 tremore
380 1980 521 2042 quorum
552 1961 692 2024 seruitus
723 1957 878 2035 inuentu†
908 1968 941 2022 et
971 1960 1082 2041 ignem
1110 1960 1312 2022 conuertitur

108 2046 248 2129 dignare
269 2047 405 2110 domine
427 2048 589 2129 respicere
614 2056 649 2111 et
672 2047 868 2111 benedicere
894 2045 980 2109 hanc
1006 2057 1189 2110 creaturam
1216 2056 1310 2109 tuam

109 2132 244 2196 incensi.
267 2144 305 2197 ut
331 2154 447 2197 omnes
470 2133 647 2216 languores
668 2131 821 2209 insidias†
843 2133 980 2196 odorem
1005 2133 1106 2215 ipsius
1129 2134 1310 2196 sentientes

108 2218 278 2303 effugiant.
301 2229 336 2284 et
354 2231 548 2303 separentur
567 2243 587 2284 a
610 2218 757 2304 plasmat*
774 2229 832 2284 tua
852 2240 936 2303 quos
960 2222 1124 2302 praetioso
1147 2220 1310 2301 sanguine

109 2307 277 2370 redemisti
303 2306 360 2371 filii
385 2309 441 2371 tui.
465 2318 498 2372 et
521 2328 704 2390 numquam
730 2308 904 2372 laedantur
922 2327 942 2369 a
959 2327 1068 2370 morsu
1092 2307 1220 2388 antiqui
1245 2327 1315 2369 ser-

107 2394 227 2477 pentis.
244 2414 310 2478 per.

488 2559 722 2621 Bauamcuo
739 2556 942 2621 Ausonum.

155 2676 248 2740 Deus
263 2677 356 2741 cuius
367 2676 501 2741 arbores
511 2688 544 2741 et
559 2675 694 2760 pomas†
705 2677 851 2741 iussione
863 2686 896 2739 et
911 2676 1121 2759 prouidentia
1136 2676 1313 2759 progenita

108 2773 266 2829 constant
288 2764 482 2828 benedicere
498 2774 531 2828 et
547 2764 752 2828 sanctificare
772 2764 918 2846 digneris
933 2783 1135 2847 praecamur.
1151 2774 1189 2827 ut
1210 2783 1311 2845 quae-

108 2847 270 2932 cumque†
285 2871 328 2914 ex
345 2852 393 2914 eis
404 2851 613 2935 sumpserint.
629 2852 810 2914 incolomes
826 2870 898 2914 esse
913 2851 1055 2913 ualeant.
1071 2870 1138 2932 per.

482 3023 717 3087 Bauamcrro
734 3024 936 3086 Pomonuu.

156 3143 302 3207 Benedic
317 3143 453 3206 domine
474 3144 562 3207 hunc
585 3143 728 3206 fructum
751 3162 876 3205 nouum
899 3163 1076 3226 pomorum
1092 3140 1144 3227 lut
1167 3142 1223 3225 [lo.
1241 3158 1312 3223 203.

110 3231 168 3313 qui
184 3240 323 3294 utuntur
337 3251 381 3293 ex
397 3250 438 3294 eo
453 3230 520 3294 sint
534 3229 737 3294 sanctificati.
753 3249 820 3311 per.

344 3409 581 3472 Bensmcrro
596 3421 646 3471 an
662 3421 789 3472 orrum
804 3421 882 3488 Qua
899 3420 1096 3472 uotuams.

156 3529 302 3593 Benedic
328 3529 464 3592 domine
495 3538 678 3591 creaturam
706 3529 804 3592 istam
832 3537 869 3592 ut
893 3529 936 3592 sit
961 3530 1145 3593 remedium
1170 3528 1314 3591 salutare

111 3615 223 3698 generi
254 3615 409 3680 humano.
436 3626 469 3679 et
500 3625 631 3698 praesta
661 3636 720 3697 per
750 3615 994 3679 inuocationem
1025 3617 1073 3679 tui
1104 3616 1247 3678 nominis
1277 3626 1315 3677 ut

110 3703 313 3804 quicumque
328 3722 373 3766 ex
388 3724 429 3767 ea
437 3702 615 3785 sumpserit
631 3702 777 3785 corporis
789 3704 966 3767 sanitatem
977 3712 1011 3766 et
1025 3703 1158 3765 animae
1173 3701 1314 3765 tutelam

112 3799 282 3873 percipiat.
298 3810 366 3872 per.

524 3945 762 4009 Bauamcno
786 3946 913 4009 Purar.

157 4064 304 4128 Domine
327 4064 410 4129 deus
432 4064 646 4148 omnipotens
669 4064 726 4147 qui
756 4064 852 4128 huius
883 4064 973 4148 putei
1004 4064 1224 4128 altitudinem.
1255 4083 1315 4147 per

113 4152 316 4234 crepidinem
332 4151 518 4215 fistularum
534 4171 694 4233 aquarum
710 4152 808 4233 copia
824 4172 960 4214 manare
983 4151 1096 4215 iusisti.
1120 4159 1254 4233 praesta
1276 4160 1314 4214 ut

112 4249 147 4303 te
177 4239 311 4303 iubente
340 4249 441 4321 atque
470 4238 689 4302 benedicente
719 4258 778 4322 per
807 4249 940 4302 nostrae
964 4236 1108 4301 officium
1136 4237 1321 4300 functionis.

112 4326 253 4409 repulsis
278 4326 356 4391 hinc
382 4326 657 4409 phantasmaticis
680 4325 918 4389 calliditatibus
943 4334 1044 4408 atque
1067 4321 1222 4399 insidias†
1243 4324 1314 4389 dia-

111 4410 229 4563 golicis
253 4410 445 4496 purificatus
466 4420 569 4495 atque
594 4412 792 4477 emendatus
815 4412 869 4477 hic
893 4421 1014 4496 puteus
1036 4420 1233 4496 perseueret
1255 4431 1317 4495 per

136 4518 296 4565 ominum.
