3038 5106
443 337 531 388 NAT.
561 338 712 390 DOMINI.
759 339 815 390 AD
838 339 865 389 S.
892 336 1061 390 aarum

663 540 846 622 Praefatio.

200 654 249 718 (D
271 661 426 718 aeternae
461 653 553 719 deus.
617 653 707 737 Quia
730 655 832 719 nostri
856 653 1030 717 saluatoris
1063 651 1164 716 hodie
1195 650 1256 714 lux
1279 670 1358 714 uera

155 742 322 822 processit.
346 761 432 823 quae
454 741 544 804 clara
567 741 663 806 nobis
684 743 798 806 omnia
819 751 854 806 et
877 741 1044 806 intellectu
1074 739 1300 804 manifestauit
1324 750 1358 801 et

155 829 235 890 uisu.
251 839 285 891 et
301 829 377 892 ideo
392 848 468 891 cum
484 828 619 912 angelis

608 988 670 1050 Ad
680 986 905 1068 complendum.

199 1097 336 1161 Satiasti
346 1100 481 1162 domine
491 1099 650 1164 familiam
661 1111 753 1165 tuam
767 1098 958 1163 muneribus
974 1099 1074 1161 sacris
1090 1099 1160 1161 eius
1175 1115 1356 1179 quesumus

154 1205 285 1267 semper
305 1186 547 1252 interuentione
563 1208 624 1250 nos
640 1188 760 1252 reioue.
784 1189 876 1250 cuius
899 1186 1097 1268 sollempnia
1119 1184 1353 1247 caelebramus.

154 1291 212 1353 per
228 1273 410 1338 dominum.

600 1384 663 1448 Ad
673 1385 901 1466 complendum.

200 1496 309 1558 Huius
341 1517 400 1559 nos
431 1497 567 1560 domine
599 1517 780 1578 quesumus
818 1497 1016 1561 sacramenti
1054 1515 1185 1576 semper
1222 1494 1353 1557 nouitas

154 1583 274 1645 natalis
305 1585 473 1647 instauret.
506 1585 599 1647 cuius
623 1585 780 1648 natiuitas
803 1584 979 1668 singularis
1005 1583 1189 1647 humanam
1210 1581 1354 1664 reppulit

154 1680 365 1734 uetustatem.
381 1691 441 1754 per
456 1672 622 1735 eundem.¹

268 1853 330 1940 flu
355 1859 502 1922 Nasam
526 1859 676 1923 Donum
699 1873 751 1923 no
775 1858 962 1923 Snucauu
987 1859 1159 1922 Parnuu.
1203 1856 1260 1939 [so.
1279 1873 1351 1936 33v.

196 1993 351 2058 Concede
384 2016 566 2078 quesumus
599 1998 813 2079 omnipotens
839 1997 929 2060 deus.
957 2005 994 2060 ut
1024 2016 1085 2059 nos
1112 1995 1274 2078 unigeniti
1305 1995 1351 2058 tui

152 2101 238 2142 noua
256 2103 314 2163 per
329 2103 461 2145 carnem
479 2084 637 2147 natiuitas
657 2085 784 2148 liberet.
798 2104 884 2166 quos
898 2084 961 2147 sub
977 2084 1104 2168 peccati
1123 2082 1202 2166 iugo
1220 2091 1353 2145 uetusta

151 2169 292 2231 seruitus
309 2179 408 2232 tenet.
425 2191 484 2253 per
500 2171 653 2234 eundem.

685 2307 822 2372 Secreta.

195 2429 320 2493 Oblata
336 2430 472 2493 domine
488 2451 624 2494 munera
641 2448 729 2493 noua
744 2431 906 2512 unigeniti
923 2431 970 2493 tui
987 2429 1163 2493 natiuitate
1174 2427 1352 2492 sanctifica.

151 2537 276 2598 nosque
292 2538 351 2599 per
366 2520 448 2580 haec
470 2538 489 2580 a
513 2527 725 2600 peccatorum
749 2531 936 2581 nostrorum
961 2517 1098 2580 maculis
1117 2517 1271 2579 emunda
1295 2535 1353 2598 per

149 2606 300 2667 eundem.

661 2717 843 2797 Praefatio.

192 2844 241 2906 (l)
266 2862 324 2925 per
347 2843 506 2906 christum
531 2844 704 2906 dominum
732 2854 890 2907 nostrum.
948 2843 1049 2908 Cuius
1080 2842 1213 2905 diuinae
1233 2841 1354 2904 natiui-

149 2931 228 2992 tatis
256 2931 440 3011 potentiam
465 2931 613 3011 ingenita
632 2933 762 2994 uirtutis
786 2942 862 2993 tuae
885 2931 1000 3011 genuit
1024 2929 1227 3010 magnitude.
1251 2947 1353 3010 quem

149 3037 280 3099 semper
305 3016 408 3078 filium
436 3027 469 3079 et
496 3028 573 3079 ante
589 3028 740 3099 tempora
757 3028 891 3080 aeterna
908 3018 1066 3099 genitum.
1083 3017 1160 3098 quia
1176 3014 1235 3078 tibi
1252 3015 1354 3097 pleno

149 3113 250 3184 atque
274 3103 421 3184 perlecto
437 3105 560 3166 aeterni
577 3105 680 3185 patris
697 3126 762 3167 non
780 3105 885 3167 deluit
908 3103 1146 3186 praedicamus.
1170 3113 1203 3165 et
1229 3102 1354 3164 honore

152 3192 324 3253 maiestate
341 3201 440 3271 atque
459 3192 581 3253 uirtute
601 3192 774 3273 aequalem
791 3192 851 3254 tibi
874 3211 949 3253 cum
974 3206 1090 3253 sancto
1113 3190 1230 3272 spiritu
1254 3187 1356 3270 profi·

149 3289 267 3341 temur.
290 3288 324 3340 et
349 3279 381 3338 in
407 3278 493 3340 trino
518 3279 682 3341 uocabulo
709 3280 840 3341 unicam
871 3278 1037 3340 credimus
1068 3278 1288 3339 maiestatem.
1319 3284 1354 3338 et

150 3365 233 3427 ide0.

591 3476 706 3559 [Infra
721 3476 915 3559 actionemP

192 3599 487 3663 Communicantes
518 3609 551 3663 et
589 3600 676 3662 diem
715 3601 975 3663 sacratissimum
1012 3597 1246 3661 caelebrantes.
1286 3618 1353 3679 quo

150 3687 268 3749 beatae
300 3688 423 3748 mariae
456 3688 654 3749 intemerata
685 3689 864 3769 uirginitas.
894 3687 968 3750 huic
996 3686 1122 3748 mundo
1153 3684 1258 3748 edidit
1289 3685 1352 3748 sal-

149 3785 306 3838 uatorem.
324 3776 432 3837 sedet
450 3775 644 3837 memoriam
661 3786 864 3838 uenerantes.

602 3936 665 3999 Ad
675 3937 900 4017 complendum.

193 4059 327 4119 Praesta
357 4076 536 4139 quesumus
563 4057 774 4138 omnipotens
797 4058 879 4120 deus
902 4065 939 4119 ut
963 4065 1060 4119 natus
1083 4054 1183 4118 hodie
1206 4055 1352 4119 saluator

149 4145 272 4207 mundi.
300 4145 384 4206 sicut
409 4143 541 4206 diuinae
569 4144 664 4206 nobis
687 4144 909 4225 generationis
939 4154 990 4205 est
1020 4152 1141 4205 auctor.
1169 4143 1216 4205 ita
1243 4152 1277 4207 et
1304 4145 1352 4206 in-

149 4232 359 4294 mortalitatis
376 4232 419 4293 sit
436 4232 505 4312 ipse
522 4231 667 4312 largitor.
683 4232 740 4312 qui
757 4241 866 4294 tecum
884 4232 974 4294 uiuit.

181 4382 187 4412 ¹
205 4386 260 4433 The
272 4399 342 4432 verso
354 4383 419 4432 olio.
430 4396 461 4444 ,3²
470 4383 520 4432 and
533 4393 600 4433 recto
611 4383 640 4433 ol
648 4382 681 4432 so.
698 4397 729 4447 33
740 4400 782 4434 are
793 4383 914 4449 occupied
926 4384 959 4447 by
970 4381 1156 4432 illuminatione
1195 4383 1256 4442 (See
1269 4383 1352 4432 Plates

148 4453 166 4500 ΙΙ
177 4450 384 4579 inlliilsllrlading
396 4514 441 4564 has
452 4515 542 4565 almost
553 4514 725 4576 disappeared.
