3038 5106
467 338 580 389 MISSA
604 339 842 391 SACERDOTIS
861 340 1033 391 PROPRIA.

682 524 820 589 Secreta.

196 636 335 719 Suscipe
353 657 533 719 quesumus
559 636 739 701 clementer
765 637 977 718 omnipotens
999 637 1089 699 deus
1106 646 1238 699 nostrae
1260 636 1351 698 obla·

150 722 277 798 tionesl
305 724 519 787 deuotionem
550 734 583 787 et
614 744 673 806 per
702 725 857 787 uirtutem
889 724 984 786 huius
1015 721 1239 797 sacramenta†
1277 738 1352 785 tuae

153 811 337 873 maiestatis
360 810 520 874 famulum
537 820 640 874 tuum.
660 811 699 873 N.
716 831 791 873 cum
816 812 994 874 commisso
1017 810 1079 872 sibi
1103 830 1203 891 grege
1225 810 1352 872 cunctis

152 907 290 980 protege
306 897 572 962 aduersitatibus.
587 917 652 980 per.

606 1035 669 1097 Ad
679 1036 904 1115 complendum.

198 1146 290 1209 Deus
306 1148 361 1228 qui
378 1147 502 1229 populo
518 1158 576 1211 tuo
592 1158 741 1230 pastores
757 1168 909 1231 praeesse
925 1147 1065 1210 uoluisti.
1083 1147 1243 1210 famulum
1260 1156 1352 1209 tuum

151 1234 346 1317 episcopum
371 1245 528 1298 nostrum.
563 1237 603 1299 N.
639 1255 737 1317 quem
769 1233 872 1309 esset†
901 1247 935 1297 et
966 1236 1123 1316 prodesse
1151 1234 1279 1296 iussisti.
1310 1235 1355 1297 da

150 1341 333 1403 quesumus
363 1331 399 1385 ut
430 1322 633 1386 incessanter
670 1332 758 1385 recta
797 1320 979 1396 monendel
1008 1332 1041 1384 et
1071 1322 1240 1403 operando
1278 1321 1354 1383 sub-

152 1408 299 1472 ditorum
333 1428 467 1471 suorum
507 1420 635 1472 mentes
670 1410 702 1471 in
733 1409 780 1471 tui
812 1410 933 1471 amoris
963 1409 1126 1471 desiderio
1156 1408 1290 1470 excitet.
1321 1417 1354 1470 et

152 1496 336 1559 secundum
368 1505 401 1558 te
431 1496 474 1558 ad
510 1495 687 1559 utilitatem
719 1496 768 1558 sui
800 1505 976 1577 prouectus
1008 1506 1040 1558 et
1071 1494 1210 1558 aliorum
1243 1494 1354 1558 uiuere

150 1582 270 1645 ualeat.
287 1602 345 1665 per
360 1583 541 1646 dominum.

468 1756 585 1819 Mrssn
609 1755 843 1819 Sacemmms
868 1756 1040 1818 Pronum.

198 1864 265 1927 Fac
282 1886 336 1928 me
351 1886 454 1947 queso
481 1869 691 1949 omnipotens
716 1869 797 1930 deus
822 1869 867 1930 ita
893 1867 1017 1930 iustitia
1044 1867 1143 1930 indui.
1160 1877 1195 1929 ut
1212 1868 1244 1928 in
1261 1887 1355 1929 sanc·

152 1960 264 2014 torum
292 1962 425 2016 tuomm
451 1974 578 2016 merear
603 1954 811 2018 exultatione
836 1955 958 2017 laetari.
974 1955 1129 2035 quatinus
1154 1956 1354 2017 emundatus

152 2037 197 2101 ab
227 2040 381 2102 omnibus
419 2041 571 2104 sordibus
609 2052 829 2123 peccatorum.
864 2042 1066 2104 consortium
1098 2040 1262 2123 adipiscar
1294 2041 1355 2103 tibi

153 2124 355 2207 placentium
372 2127 591 2191 sacerdotum.
609 2148 727 2209 meque
743 2138 800 2191 tua
821 2128 1044 2191 misericordia
1059 2148 1079 2190 a
1095 2128 1183 2190 uitiis
1199 2126 1354 2190 omnibus

152 2222 267 2277 exuat.
282 2233 381 2295 quem
397 2211 522 2297 [reatus
538 2216 689 2297 propriae
705 2216 925 2279 conscientiae
941 2224 1065 2297 grauat
1083 2234 1147 2296 per.
1209 2214 1264 2297 [so.
1286 2216 1352 2276 182.

689 2353 825 2417 Secreta.

199 2463 291 2527 Deus
307 2465 362 2545 qui
379 2475 411 2527 te
428 2465 588 2547 praecipis
599 2485 619 2527 a
630 2465 858 2547 peccatoribus
874 2465 1013 2527 exorari.
1024 2464 1148 2546 tibique
1158 2459 1353 2528 sacrificium

152 2551 287 2614 contriti
297 2553 405 2615 cordis
421 2550 538 2614 offerri.
549 2552 611 2615 hoc
624 2551 819 2615 sacrificium
836 2553 925 2633 quod
942 2552 1086 2633 indignis
1103 2552 1255 2614 manibus
1273 2553 1354 2614 meis

151 2635 258 2699 offero
273 2648 446 2720 acceptare
461 2639 605 2719 dignare.
624 2649 656 2700 et
673 2648 709 2701 ut
726 2640 796 2720 ipse
812 2639 872 2701 tibi
896 2638 1005 2701 hostia
1021 2649 1053 2701 et
1069 2637 1264 2701 sacrificium
1283 2659 1354 2701 esse

154 2744 281 2787 merear
306 2727 481 2788 miseratus
503 2726 656 2788 concede.
681 2736 781 2807 atque
812 2746 870 2808 per
901 2725 1072 2788 ministerii
1104 2725 1200 2787 huius
1225 2725 1354 2788 exhibi-

152 2812 278 2874 tionem
304 2822 515 2893 peccatorum
541 2813 689 2875 omnium
718 2814 897 2894 percipiam
923 2812 1157 2875 remissionem.
1174 2832 1232 2893 per
1247 2813 1354 2874 domi·

152 2917 233 2961 num
251 2909 408 2962 nostrum.

665 3021 846 3101 Praefatae.

199 3133 248 3196 (D
280 3141 413 3195 aeterne
443 3134 534 3196 deus.
601 3132 667 3215 Qui
706 3131 929 3206 dissimilatis’s
963 3133 1129 3196 humanae
1167 3132 1354 3214 fragilitatis

153 3219 300 3302 peccatis
315 3220 489 3281 sacerdotii
506 3219 704 3301 dignitatem
726 3221 882 3282 concedis
903 3220 1055 3301 indignis
1103 3220 1147 3283 Et
1164 3240 1227 3282 non
1246 3220 1352 3283 solum

154 3315 293 3389 peccata
333 3307 484 3369 dimittis
523 3326 637 3368 uerum
675 3307 774 3370 etiam
821 3308 910 3389 ipsos
948 3316 1139 3387 peccatores
1177 3307 1353 3370 iustificare

153 3392 310 3474 dignaris.
355 3392 457 3456 Cuius
484 3403 533 3455 est
561 3394 704 3455 muneris
721 3405 757 3456 ut
774 3414 839 3455 non
857 3394 1037 3456 existentia
1056 3405 1189 3457 sumant
1206 3395 1353 3457 exordia.

151 3489 274 3543 exorta
298 3481 547 3542 nutrimentum.
594 3480 728 3543 Nutrita
755 3480 905 3543 fructum.
932 3480 1098 3543 fructuosa
1122 3481 1355 3564 perseuerandi

151 3565 325 3629 auxilium.
387 3566 452 3649 Qui
492 3587 546 3628 me
584 3587 649 3628 non
688 3568 888 3630 existentem
927 3568 1054 3630 creasti.
1092 3579 1237 3630 creatum
1279 3566 1353 3629 fidei

154 3652 312 3716 firmitate
337 3654 459 3717 ditasti.
477 3652 608 3716 fidelem
626 3655 777 3734 quamuis
794 3655 938 3737 peccatis
954 3654 1162 3735 squalentem
1179 3653 1353 3717 sacerdotii

152 3741 467 3822 dignitatedonasti.
513 3741 621 3803 Tuam
634 3742 733 3822 igitur
748 3742 1026 3823 omnipotentiam
1039 3742 1181 3823 supplex
1198 3762 1355 3823 exposco,

151 3838 189 3890 ut
217 3847 270 3890 me
295 3848 315 3889 a
339 3828 522 3910 praeteritis
547 3828 692 3909 peccatis
715 3830 883 3891 emundes.
932 3829 969 3891 ln
997 3829 1110 3891 mundi
1137 3828 1232 3891 huius
1259 3849 1355 3891 cursu

153 3914 187 3977 in
204 3915 300 3976 bonis
315 3914 469 3997 operibus
485 3915 683 3977 corrobores
700 3926 734 3977 et
759 3916 791 3976 in
814 3915 1078 3997 perseuerantiae
1094 3916 1261 3978 soliditate
1277 3935 1354 3978 con-

151 3999 269 4064 firmes
286 4021 345 4083 per
363 4000 529 4065 christum.

600 4128 662 4192 Ad
672 4130 897 4211 compilandam.

200 4245 310 4308 Huius
326 4244 406 4306 mihi
434 4243 570 4307 domine
594 4243 793 4305 sacramenti
821 4243 990 4324 perceptio
1006 4244 1048 4305 sit
1063 4243 1212 4305 omnium
1237 4263 1352 4324 pecca·

155 4341 265 4396 torum
290 4350 440 4394 meorum
467 4330 624 4393 remissio
650 4340 683 4392 et
708 4339 785 4392 tuae
810 4331 944 4411 pietatis
968 4340 1085 4412 optata
1100 4331 1299 4411 propitiatio.
1317 4340 1353 4394 ut

153 4418 310 4503 perhaec
333 4426 368 4481 te
391 4416 576 4501 opitulante
599 4415 724 4480 efficiar
747 4416 847 4479 sacris
874 4416 1033 4480 altaribus
1057 4418 1177 4499 dignus
1203 4437 1289 4499 quae
1311 4416 1354 4481 dc

153 4514 213 4569 tua
226 4505 354 4589 pietate
367 4502 513 4567 confisus
529 4503 738 4585 frequentare
752 4523 929 4584 praesumo
944 4504 1109 4587 indignus.
1126 4524 1191 4586 per.
