3038 5106
228 352 277 401 214
391 338 418 390 V.
446 338 531 391 m„
560 338 639 391 OCT-
664 338 752 391 ΝΔἎ
779 338 828 391 SS.
857 338 1008 391 cosm
1029 340 1087 391 Er
1105 340 1288 391 Damam.

759 488 900 555 Secreta.

272 600 579 685 Supplicationibus
594 599 735 677 nostris†
748 601 939 686 apostolicis
954 601 1044 667 beati
1060 602 1183 667 mathei
1199 602 1430 687 euangelistae

228 709 408 771 quesumus
435 688 593 767 ecclesiae
620 690 697 753 tuae
721 690 857 753 domine
890 690 1142 755 commendetur
1166 690 1304 753 oblatio.
1336 691 1429 755 cuius

229 774 413 859 magnificis
429 776 731 859 praedicationibus
746 777 903 841 eruditur.
916 797 975 859 per
990 777 1162 840 dominum
1177 787 1340 841 nostrum.

738 896 920 978 Praefatio

271 1008 321 1072 (D
353 1018 485 1072 aeterne
515 1008 607 1071 deus.
653 1008 721 1091 Qui
758 1007 953 1073 aecclesiam
992 1018 1084 1073 tuam
1116 1010 1149 1073 in
1176 1011 1243 1072 tuis
1273 1008 1429 1074 fidelibus

225 1096 349 1178 ubique
371 1095 552 1177 pollentem
578 1095 769 1177 apostolicis
793 1096 873 1160 facis
898 1105 1048 1159 constare
1077 1096 1244 1159 doctrinis.
1291 1098 1430 1161 Praesta

225 1201 405 1263 quesumus
428 1191 465 1245 ut
487 1203 546 1263 per
567 1202 651 1264 quos
676 1183 805 1247 initium
831 1184 964 1246 diuinae
988 1184 1187 1265 cognitionis
1214 1184 1353 1267 accepit
1370 1205 1430 1267 per

224 1289 282 1331 eos
304 1289 409 1349 usque
432 1270 465 1331 in
495 1268 593 1332 finem
622 1270 743 1333 saeculi
770 1271 880 1352 capiat
908 1272 999 1352 regni
1023 1270 1174 1333 caelestis
1197 1282 1428 1354 augmentum.

224 1375 283 1438 per
298 1355 465 1419 christum.

679 1468 710 1530 Α
715 1466 742 1529 d
752 1467 981 1550 complendum.

269 1578 435 1661 Perceptis
450 1580 585 1643 domine
601 1581 815 1643 sacramentis
840 1581 939 1644 beato
967 1579 1102 1643 matheo
1126 1580 1279 1662 apostolo
1308 1589 1368 1644 tuo
1393 1591 1428 1644 et

223 1667 429 1749 euangelista
454 1668 694 1730 interueniente
720 1668 965 1749 depraecamur.
982 1677 1019 1730 ut
1034 1687 1119 1749 quae
1143 1689 1202 1749 pro
1225 1669 1296 1729 eius
1319 1668 1427 1730 caele·
1467 1660 1474 1673 ’

222 1752 319 1903 grata
343 1764 420 1816 sunt
445 1753 564 1836 lgloria
588 1753 684 1817 nobis
714 1753 888 1836 proficiant
915 1753 957 1817 ad
985 1755 1159 1818 medelam.
1184 1775 1244 1837 per
1268 1753 1324 1836 [s0.
1355 1768 1424 1835 153.

246 1859 404 1904 ominum.

237 2026 270 2074 x.
296 2011 387 2075 Kar..
411 2010 498 2076 Ocu.
516 2010 673 2074 Narnia
698 2011 934 2076 Snucrouuir
959 2012 1143 2075 Maurucu
1167 2026 1247 2075 cunr
1272 2012 1404 2077 Sociis.

264 2122 389 2186 Annue
404 2143 585 2204 quesumus
607 2124 821 2205 omnipotens
837 2123 928 2185 deus.
944 2132 981 2186 ut
1004 2143 1066 2186 nos
1081 2133 1271 2186 sanctorum
1288 2134 1422 2188 tuorum

221 2211 379 2273 mauricii.
410 2211 568 2292 exuperii.
600 2210 742 2275 candidi.
774 2211 916 2273 uictoris.
944 2210 1131 2272 innocentis
1154 2221 1187 2273 et
1211 2211 1321 2273 uitalis
1345 2233 1422 2275 cum

221 2298 318 2360 sociis
334 2318 447 2360 eorum
466 2296 620 2360 laetificet
644 2296 762 2359 sestiua
785 2296 1023 2378 sollempnitas.
1040 2306 1077 2360 ut
1092 2317 1232 2379 quorum
1257 2298 1424 2382 suffragiis

221 2385 366 2448 nitimur.
384 2384 546 2448 nataliciis
562 2385 749 2466 gloriemur.
766 2404 832 2465 per.

754 2511 890 2576 Secreta.

266 2625 407 2707 Respice
432 2625 566 2687 domine
584 2644 719 2686 munera
735 2645 821 2705 quae
837 2624 870 2684 in
887 2623 1041 2705 passione
1057 2633 1245 2687 sanctorum
1264 2627 1421 2689 mauricii.

220 2713 380 2793 exuperii.
397 2713 539 2775 candidi.
556 2712 698 2773 uictoris,
716 2712 902 2774 innocentis
917 2721 950 2773 et
975 2711 1084 2773 uitalis
1100 2731 1174 2772 cnm
1193 2713 1290 2774 sociis
1307 2734 1421 2775 eorum

221 2801 538 2861 commemoratione
561 2798 747 2862 deferimus.
765 2808 798 2861 et
822 2808 953 2880 praesta
975 2808 1012 2860 ut
1028 2818 1168 2878 quorum
1193 2798 1320 2862 honore
1344 2810 1422 2864 sunt

221 2896 324 2968 grata.
341 2907 455 2949 eorum
473 2885 568 2948 nobis
585 2884 666 2948 fiant
682 2885 917 2949 intercessione
933 2896 1101 2967 perpetua.
1115 2904 1180 2966 per.

732 3020 914 3101 Praefatae.

266 3132 315 3195 ff)
344 3141 477 3195 aeterne
504 3133 593 3194 deus
640 3131 807 3213 Quoniam
834 3132 1065 3214 cognoscimus
1080 3142 1243 3213 quantum
1271 3134 1360 3214 apud
1389 3144 1422 3198 te

221 3219 264 3282 sit
280 3220 446 3301 praeclara
463 3220 531 3281 uita
547 3227 745 3281 sanctorum.
761 3239 902 3300 quorum
928 3240 988 3282 nos
1013 3221 1113 3280 etiam
1140 3239 1227 3281 mors
1255 3222 1422 3301 praetiosa

222 3304 378 3369 laetificat
403 3317 436 3368 et
470 3316 588 3369 tuetur.
635 3303 847 3387 Quapropter
881 3318 1063 3388 martyrum
1098 3316 1229 3368 tuorum
1262 3310 1421 3372 mauricii.

221 3395 371 3475 exuperii
402 3404 435 3455 et
465 3393 606 3454 candidi.
637 3393 771 3454 uictoris
803 3394 987 3454 innocentis
1017 3403 1051 3455 et
1082 3394 1191 3455 uitalis
1219 3413 1293 3455 curn
1323 3397 1421 3458 sociis

222 3500 334 3542 eorum
356 3480 499 3561 gloriosa
524 3490 732 3541 recensentes
758 3479 918 3541 natalicia.
935 3479 1050 3542 laudes
1074 3479 1133 3542 tibi
1157 3481 1292 3542 domine
1311 3481 1421 3544 reseri-

223 3586 296 3629 mus
312 3567 451 3649 supplici
468 3566 675 3629 confessione
690 3567 846 3628 dicentes
893 3565 1043 3629 Sanctus
1059 3579 1201 3629 sanctus

674 3704 736 3766 Ad
745 3704 970 3786 conqtlendum.

264 3815 469 3880 Caelestibus
486 3815 597 3878 refecti
614 3817 829 3879 sacramentis
844 3825 878 3879 et
893 3817 1023 3898 gaudiis
1039 3817 1203 3898 supplices
1214 3828 1246 3880 te
1264 3837 1421 3898 rogamus

220 3905 355 3967 domine
386 3914 421 3966 ut
452 3923 593 3984 quorum
620 3903 800 3984 gloriamur
830 3903 1006 3985 triumphis
1033 3916 1247 3985 protegamur
1276 3906 1420 3968 auxiliis.

218 4011 277 4074 per
291 3991 463 4053 dominum
480 4001 639 4052 nostrum.

345 4199 375 4246 v.
403 4185 494 4248 Knu.
520 4185 608 4249 Ocu.
633 4185 871 4251 Saucronuir
897 4188 1023 4253 Cosiru
1048 4203 1095 4251 nr
1121 4191 1304 4253 Dainnnr.

262 4298 397 4360 Praesta
412 4317 592 4380 quesumus
608 4299 820 4380 omnipotens
836 4301 926 4363 deus
943 4310 980 4363 ut
995 4301 1051 4381 qui
1068 4312 1258 4365 sanctorum
1283 4312 1418 4368 tuorum

216 4401 349 4447 cosmae
363 4395 397 4448 et
412 4384 567 4447 damiani.
584 4383 739 4448 natalicia
760 4386 909 4450 colimus.
925 4406 945 4448 a
968 4389 1095 4451 cunctis
1121 4390 1216 4452 malis
1242 4392 1419 4455 imminen-

214 4468 304 4533 tibus
319 4489 433 4534 eorum
450 4471 739 4535 intercessionibus
761 4471 944 4536 liberemur.
960 4493 1025 4556 per.
