<?xml version="1.0" encoding="UTF-8"?>
<!DOCTYPE html PUBLIC "-//W3C//DTD XHTML 1.0 Transitional//EN"
    "http://www.w3.org/TR/xhtml1/DTD/xhtml1-transitional.dtd">
<html xmlns="http://www.w3.org/1999/xhtml" xml:lang="en" lang="en">
 <head>
  <title>
</title>
<meta http-equiv="Content-Type" content="text/html;charset=utf-8" />
  <meta name='ocr-system' content='tesseract 3.04.00' />
  <meta name='ocr-capabilities' content='ocr_page ocr_carea ocr_par ocr_line ocrx_word'/>
</head>
<body>
  <div class='ocr_page' id='page_1' title='image "./missalrobertjum00wilsgoog_0199.png"; bbox 0 0 3038 5106; ppageno 0'>
   <div class='ocr_carea' id='block_1_1' title="bbox 551 367 1361 426">
    <p class='ocr_par' dir='ltr' id='par_1_1' title="bbox 551 367 1361 426">
     <span class='ocr_line' id='line_1_1' title="bbox 551 367 1361 426; baseline -0.004 -8"><span class='ocrx_word' id='word_1_1' title='bbox 551 368 599 419; x_wconf 84' lang='lat' dir='ltr'><strong>IN</strong></span> <span class='ocrx_word' id='word_1_2' title='bbox 611 368 682 419; x_wconf 86' lang='lat' dir='ltr'><strong>DIE</strong></span> <span class='ocrx_word' id='word_1_3' title='bbox 697 367 972 417; x_wconf 84' lang='lat' dir='ltr'><em>PENTECOSTES.</em></span> <span class='ocrx_word' id='word_1_4' title='bbox 1317 376 1361 426; x_wconf 85' lang='lat'><strong>117</strong></span> 
     </span>
    </p>
   </div>
   <div class='ocr_carea' id='block_1_2' title="bbox 159 518 1362 778">
    <p class='ocr_par' dir='ltr' id='par_1_2' title="bbox 159 518 1362 778">
     <span class='ocr_line' id='line_1_2' title="bbox 206 518 1361 604; baseline -0.002 -22"><span class='ocrx_word' id='word_1_5' title='bbox 206 518 343 584; x_wconf 86' lang='lat' dir='ltr'><strong>Praesta</strong></span> <span class='ocrx_word' id='word_1_6' title='bbox 365 540 546 604; x_wconf 89' lang='lat' dir='ltr'><strong>quesumus</strong></span> <span class='ocrx_word' id='word_1_7' title='bbox 570 520 783 604; x_wconf 81' lang='lat' dir='ltr'><strong>omnipotens</strong></span> <span class='ocrx_word' id='word_1_8' title='bbox 807 521 889 585; x_wconf 91' lang='lat' dir='ltr'><strong>deus</strong></span> <span class='ocrx_word' id='word_1_9' title='bbox 914 530 951 584; x_wconf 90' lang='lat' dir='ltr'><strong>ut</strong></span> <span class='ocrx_word' id='word_1_10' title='bbox 975 519 1135 585; x_wconf 87' lang='lat' dir='ltr'><strong>claritatis</strong></span> <span class='ocrx_word' id='word_1_11' title='bbox 1160 529 1237 583; x_wconf 88' lang='lat' dir='ltr'><strong>tuae</strong></span> <span class='ocrx_word' id='word_1_12' title='bbox 1261 539 1361 602; x_wconf 91' lang='lat' dir='ltr'><strong>super</strong></span> 
     </span>
     <span class='ocr_line' id='line_1_3' title="bbox 160 605 1362 690; baseline -0.002 -21"><span class='ocrx_word' id='word_1_13' title='bbox 160 626 224 669; x_wconf 92' lang='lat' dir='ltr'><strong>nos</strong></span> <span class='ocrx_word' id='word_1_14' title='bbox 249 605 409 690; x_wconf 87' lang='lat' dir='ltr'>splendor</span> <span class='ocrx_word' id='word_1_15' title='bbox 432 608 596 689; x_wconf 78' lang='lat' dir='ltr'><strong>effulgeat.</strong></span> <span class='ocrx_word' id='word_1_16' title='bbox 627 619 660 672; x_wconf 88' lang='lat' dir='ltr'><strong>et</strong></span> <span class='ocrx_word' id='word_1_17' title='bbox 688 609 747 670; x_wconf 86' lang='lat' dir='ltr'><strong>lux</strong></span> <span class='ocrx_word' id='word_1_18' title='bbox 772 618 850 670; x_wconf 90' lang='lat' dir='ltr'><strong>tuae</strong></span> <span class='ocrx_word' id='word_1_19' title='bbox 875 609 956 672; x_wconf 90' lang='lat' dir='ltr'><strong>lucis</strong></span> <span class='ocrx_word' id='word_1_20' title='bbox 984 609 1083 671; x_wconf 88' lang='lat' dir='ltr'><strong>corda</strong></span> <span class='ocrx_word' id='word_1_21' title='bbox 1099 627 1213 670; x_wconf 89' lang='lat' dir='ltr'><strong>eorum</strong></span> <span class='ocrx_word' id='word_1_22' title='bbox 1230 608 1286 687; x_wconf 92' lang='lat' dir='ltr'><strong>qui</strong></span> <span class='ocrx_word' id='word_1_23' title='bbox 1304 626 1362 688; x_wconf 89' lang='lat' dir='ltr'><strong>per</strong></span> 
     </span>
     <span class='ocr_line' id='line_1_4' title="bbox 159 693 1359 778; baseline -0.002 -22"><span class='ocrx_word' id='word_1_24' title='bbox 159 694 304 775; x_wconf 81' lang='lat' dir='ltr'>gratiam</span> <span class='ocrx_word' id='word_1_25' title='bbox 320 706 412 759; x_wconf 89' lang='lat' dir='ltr'><strong>tuam</strong></span> <span class='ocrx_word' id='word_1_26' title='bbox 429 697 533 758; x_wconf 92' lang='lat' dir='ltr'><strong>renati</strong></span> <span class='ocrx_word' id='word_1_27' title='bbox 557 705 634 760; x_wconf 91' lang='lat' dir='ltr'><strong>sunt</strong></span> <span class='ocrx_word' id='word_1_28' title='bbox 657 696 762 759; x_wconf 87' lang='lat' dir='ltr'><strong>sancti</strong></span> <span class='ocrx_word' id='word_1_29' title='bbox 779 696 913 778; x_wconf 91' lang='lat' dir='ltr'><strong>spiritus</strong></span> <span class='ocrx_word' id='word_1_30' title='bbox 933 695 1162 758; x_wconf 86' lang='lat' dir='ltr'><strong>inlustratione</strong></span> <span class='ocrx_word' id='word_1_31' title='bbox 1177 693 1359 757; x_wconf 87' lang='lat' dir='ltr'><strong>confirmet.</strong></span> 
     </span>
    </p>
   </div>
   <div class='ocr_carea' id='block_1_3' title="bbox 158 800 827 984">
    <p class='ocr_par' dir='ltr' id='par_1_3' title="bbox 158 800 827 984">
     <span class='ocr_line' id='line_1_5' title="bbox 158 800 227 863; baseline 0.029 -20"><span class='ocrx_word' id='word_1_32' title='bbox 158 800 227 863; x_wconf 91' lang='lat' dir='ltr'><strong>per.</strong></span> 
     </span>
     <span class='ocr_line' id='line_1_6' title="bbox 689 920 827 984; baseline -0.007 0"><span class='ocrx_word' id='word_1_33' title='bbox 689 920 827 984; x_wconf 80' lang='lat' dir='ltr'><strong>Secreta.</strong></span> 
     </span>
    </p>
   </div>
   <div class='ocr_carea' id='block_1_4' title="bbox 162 1030 1359 1202">
    <p class='ocr_par' dir='ltr' id='par_1_4' title="bbox 162 1030 1359 1202">
     <span class='ocr_line' id='line_1_7' title="bbox 206 1030 1359 1113; baseline -0.001 -20"><span class='ocrx_word' id='word_1_34' title='bbox 206 1030 348 1094; x_wconf 79' lang='lat' dir='ltr'><strong>Munera</strong></span> <span class='ocrx_word' id='word_1_35' title='bbox 372 1032 508 1095; x_wconf 94' lang='lat' dir='ltr'><strong>domine</strong></span> <span class='ocrx_word' id='word_1_36' title='bbox 533 1052 714 1113; x_wconf 87' lang='lat' dir='ltr'><strong>quesumus</strong></span> <span class='ocrx_word' id='word_1_37' title='bbox 742 1032 856 1094; x_wconf 91' lang='lat' dir='ltr'><strong>oblata</strong></span> <span class='ocrx_word' id='word_1_38' title='bbox 876 1030 1046 1094; x_wconf 87' lang='lat' dir='ltr'><strong>sanctifica</strong></span> <span class='ocrx_word' id='word_1_39' title='bbox 1070 1040 1104 1095; x_wconf 88' lang='lat' dir='ltr'><strong>et</strong></span> <span class='ocrx_word' id='word_1_40' title='bbox 1130 1031 1231 1093; x_wconf 89' lang='lat' dir='ltr'><strong>corda</strong></span> <span class='ocrx_word' id='word_1_41' title='bbox 1247 1038 1359 1093; x_wconf 91' lang='lat' dir='ltr'><strong>nostra</strong></span> 
     </span>
     <span class='ocr_line' id='line_1_8' title="bbox 162 1119 1065 1202; baseline 0.001 -23"><span class='ocrx_word' id='word_1_42' title='bbox 162 1119 270 1181; x_wconf 83' lang='lat' dir='ltr'><strong>sancti</strong></span> <span class='ocrx_word' id='word_1_43' title='bbox 285 1119 421 1201; x_wconf 91' lang='lat' dir='ltr'><strong>spiritus</strong></span> <span class='ocrx_word' id='word_1_44' title='bbox 438 1120 636 1182; x_wconf 90' lang='lat' dir='ltr'><strong>inlustratio¹</strong></span> <span class='ocrx_word' id='word_1_45' title='bbox 654 1122 808 1183; x_wconf 91' lang='lat' dir='ltr'><strong>emunda.</strong></span> <span class='ocrx_word' id='word_1_46' title='bbox 826 1140 891 1202; x_wconf 93' lang='lat' dir='ltr'><strong>per.</strong></span> <span class='ocrx_word' id='word_1_47' title='bbox 907 1121 1065 1183; x_wconf 92' lang='lat' dir='ltr'><strong>eiusdem.</strong></span> 
     </span>
    </p>
   </div>
   <div class='ocr_carea' id='block_1_5' title="bbox 673 1274 853 1353">
    <p class='ocr_par' dir='ltr' id='par_1_5' title="bbox 673 1274 853 1353">
     <span class='ocr_line' id='line_1_9' title="bbox 673 1274 853 1353; baseline 0 -16"><span class='ocrx_word' id='word_1_48' title='bbox 673 1274 853 1353; x_wconf 83' lang='lat' dir='ltr'><strong>Praefatio.</strong></span> 
     </span>
    </p>
   </div>
   <div class='ocr_carea' id='block_1_6' title="bbox 158 1384 1362 1971">
    <p class='ocr_par' dir='ltr' id='par_1_6' title="bbox 158 1384 1362 1971">
     <span class='ocr_line' id='line_1_10' title="bbox 206 1384 1360 1469; baseline -0.001 -22"><span class='ocrx_word' id='word_1_49' title='bbox 206 1384 257 1447; x_wconf 71' lang='lat' dir='ltr'><strong>ff&gt;</strong></span> <span class='ocrx_word' id='word_1_50' title='bbox 280 1394 413 1447; x_wconf 82' lang='lat' dir='ltr'><strong>aeterne</strong></span> <span class='ocrx_word' id='word_1_51' title='bbox 435 1386 526 1449; x_wconf 90' lang='lat' dir='ltr'><strong>deus.</strong></span> <span class='ocrx_word' id='word_1_52' title='bbox 571 1386 637 1469; x_wconf 85' lang='lat' dir='ltr'><strong>Qui</strong></span> <span class='ocrx_word' id='word_1_53' title='bbox 662 1397 906 1448; x_wconf 90' lang='lat' dir='ltr'><strong>sacramentum</strong></span> <span class='ocrx_word' id='word_1_54' title='bbox 931 1384 1108 1466; x_wconf 87' lang='lat' dir='ltr'><strong>paschalae</strong></span> <span class='ocrx_word' id='word_1_55' title='bbox 1124 1403 1360 1447; x_wconf 82' lang='lat' dir='ltr'><strong>consummans</strong></span> 
     </span>
     <span class='ocr_line' id='line_1_11' title="bbox 160 1468 1358 1553; baseline 0.001 -22"><span class='ocrx_word' id='word_1_56' title='bbox 160 1471 284 1551; x_wconf 89' lang='lat' dir='ltr'><strong>quibus</strong></span> <span class='ocrx_word' id='word_1_57' title='bbox 300 1492 359 1553; x_wconf 92' lang='lat' dir='ltr'><strong>per</strong></span> <span class='ocrx_word' id='word_1_58' title='bbox 373 1474 534 1553; x_wconf 80' lang='lat' dir='ltr'><strong>unigeniti</strong></span> <span class='ocrx_word' id='word_1_59' title='bbox 552 1474 613 1547; x_wconf 80' lang='lat' dir='ltr'><strong>ltui</strong></span> <span class='ocrx_word' id='word_1_60' title='bbox 629 1474 831 1535; x_wconf 86' lang='lat' dir='ltr'><strong>consortium</strong></span> <span class='ocrx_word' id='word_1_61' title='bbox 849 1471 934 1534; x_wconf 87' lang='lat' dir='ltr'><strong>filios</strong></span> <span class='ocrx_word' id='word_1_62' title='bbox 946 1472 1136 1553; x_wconf 86' lang='lat' dir='ltr'><strong>adoptionis</strong></span> <span class='ocrx_word' id='word_1_63' title='bbox 1148 1492 1220 1531; x_wconf 84' lang='lat' dir='ltr'><strong>esse</strong></span> <span class='ocrx_word' id='word_1_64' title='bbox 1236 1468 1291 1551; x_wconf 89' lang='lat' dir='ltr'><strong>[so.</strong></span> <span class='ocrx_word' id='word_1_65' title='bbox 1310 1472 1358 1548; x_wconf 90' lang='grc'><strong>84.</strong></span> 
     </span>
     <span class='ocr_line' id='line_1_12' title="bbox 159 1557 1360 1641; baseline 0 -22"><span class='ocrx_word' id='word_1_66' title='bbox 159 1557 305 1621; x_wconf 89' lang='lat' dir='ltr'><strong>tribuisti</strong></span> <span class='ocrx_word' id='word_1_67' title='bbox 333 1580 391 1641; x_wconf 91' lang='lat' dir='ltr'><strong>per</strong></span> <span class='ocrx_word' id='word_1_68' title='bbox 414 1560 565 1641; x_wconf 89' lang='lat' dir='ltr'><strong>spiritum</strong></span> <span class='ocrx_word' id='word_1_69' title='bbox 592 1570 743 1622; x_wconf 90' lang='lat' dir='ltr'><strong>sanctum</strong></span> <span class='ocrx_word' id='word_1_70' title='bbox 768 1559 894 1640; x_wconf 88' lang='lat' dir='ltr'><strong>largiris</strong></span> <span class='ocrx_word' id='word_1_71' title='bbox 919 1560 1009 1620; x_wconf 91' lang='lat' dir='ltr'><strong>dona</strong></span> <span class='ocrx_word' id='word_1_72' title='bbox 1039 1559 1218 1639; x_wconf 79' lang='lat' dir='ltr'><strong>gratiarum</strong></span> <span class='ocrx_word' id='word_1_73' title='bbox 1246 1569 1279 1619; x_wconf 95' lang='lat' dir='ltr'><strong>et</strong></span> <span class='ocrx_word' id='word_1_74' title='bbox 1309 1558 1360 1619; x_wconf 92' lang='lat' dir='ltr'><strong>sui</strong></span> 
     </span>
     <span class='ocr_line' id='line_1_13' title="bbox 159 1644 1360 1728; baseline -0.002 -21"><span class='ocrx_word' id='word_1_75' title='bbox 159 1644 382 1709; x_wconf 87' lang='lat' dir='ltr'><strong>coheredibus</strong></span> <span class='ocrx_word' id='word_1_76' title='bbox 403 1648 621 1728; x_wconf 89' lang='lat' dir='ltr'><strong>redemptoris</strong></span> <span class='ocrx_word' id='word_1_77' title='bbox 644 1647 710 1708; x_wconf 91' lang='lat' dir='ltr'><strong>iam</strong></span> <span class='ocrx_word' id='word_1_78' title='bbox 736 1666 823 1708; x_wconf 92' lang='lat' dir='ltr'><strong>nunc</strong></span> <span class='ocrx_word' id='word_1_79' title='bbox 844 1665 1007 1727; x_wconf 89' lang='lat' dir='ltr'><strong>supernae</strong></span> <span class='ocrx_word' id='word_1_80' title='bbox 1027 1646 1146 1727; x_wconf 82' lang='lat' dir='ltr'><strong>pignus</strong></span> <span class='ocrx_word' id='word_1_81' title='bbox 1167 1644 1360 1706; x_wconf 87' lang='lat' dir='ltr'><strong>hereditatis</strong></span> 
     </span>
     <span class='ocr_line' id='line_1_14' title="bbox 160 1732 1360 1813; baseline -0.002 -20"><span class='ocrx_word' id='word_1_82' title='bbox 160 1734 336 1813; x_wconf 90' lang='lat' dir='ltr'><strong>impendis.</strong></span> <span class='ocrx_word' id='word_1_83' title='bbox 354 1746 389 1796; x_wconf 92' lang='lat' dir='ltr'><strong>ut</strong></span> <span class='ocrx_word' id='word_1_84' title='bbox 417 1743 513 1796; x_wconf 90' lang='lat' dir='ltr'><strong>tanto</strong></span> <span class='ocrx_word' id='word_1_85' title='bbox 537 1753 573 1795; x_wconf 88' lang='lat' dir='ltr'><strong>se</strong></span> <span class='ocrx_word' id='word_1_86' title='bbox 596 1734 717 1795; x_wconf 87' lang='lat' dir='ltr'><strong>certius</strong></span> <span class='ocrx_word' id='word_1_87' title='bbox 743 1733 785 1795; x_wconf 93' lang='lat' dir='ltr'><strong>ad</strong></span> <span class='ocrx_word' id='word_1_88' title='bbox 810 1754 886 1795; x_wconf 89' lang='lat' dir='ltr'><strong>eum</strong></span> <span class='ocrx_word' id='word_1_89' title='bbox 912 1732 1092 1794; x_wconf 84' lang='lat' dir='ltr'><strong>confidant.</strong></span> <span class='ocrx_word' id='word_1_90' title='bbox 1106 1752 1178 1794; x_wconf 89' lang='lat' dir='ltr'><strong>esse</strong></span> <span class='ocrx_word' id='word_1_91' title='bbox 1195 1742 1360 1793; x_wconf 87' lang='lat' dir='ltr'><strong>uenturos.</strong></span> 
     </span>
     <span class='ocr_line' id='line_1_15' title="bbox 158 1817 1362 1902; baseline -0.002 -21"><span class='ocrx_word' id='word_1_92' title='bbox 158 1830 290 1899; x_wconf 90' lang='lat' dir='ltr'><strong>quanto</strong></span> <span class='ocrx_word' id='word_1_93' title='bbox 306 1841 341 1881; x_wconf 91' lang='lat' dir='ltr'><strong>se</strong></span> <span class='ocrx_word' id='word_1_94' title='bbox 356 1822 464 1883; x_wconf 89' lang='lat' dir='ltr'><strong>sciunt</strong></span> <span class='ocrx_word' id='word_1_95' title='bbox 490 1821 534 1883; x_wconf 89' lang='lat' dir='ltr'><strong>ab</strong></span> <span class='ocrx_word' id='word_1_96' title='bbox 560 1842 600 1882; x_wconf 88' lang='lat' dir='ltr'><strong>eo</strong></span> <span class='ocrx_word' id='word_1_97' title='bbox 626 1822 826 1901; x_wconf 88' lang='lat' dir='ltr'><strong>redemptos.</strong></span> <span class='ocrx_word' id='word_1_98' title='bbox 844 1831 877 1882; x_wconf 90' lang='lat' dir='ltr'><strong>et</strong></span> <span class='ocrx_word' id='word_1_99' title='bbox 902 1820 1007 1883; x_wconf 89' lang='lat' dir='ltr'><strong>sancti</strong></span> <span class='ocrx_word' id='word_1_100' title='bbox 1038 1819 1173 1902; x_wconf 87' lang='lat' dir='ltr'><strong>spiritus</strong></span> <span class='ocrx_word' id='word_1_101' title='bbox 1198 1817 1362 1879; x_wconf 77' lang='lat' dir='ltr'><strong>infusione</strong></span> 
     </span>
     <span class='ocr_line' id='line_1_16' title="bbox 158 1908 486 1971; baseline 0.006 -2"><span class='ocrx_word' id='word_1_102' title='bbox 158 1908 297 1971; x_wconf 86' lang='lat' dir='ltr'><strong>ditatos.</strong></span> <span class='ocrx_word' id='word_1_103' title='bbox 342 1908 387 1971; x_wconf 86' lang='lat' dir='ltr'><strong>Et</strong></span> <span class='ocrx_word' id='word_1_104' title='bbox 403 1909 486 1971; x_wconf 77' lang='lat' dir='ltr'><strong>ideo,</strong></span> 
     </span>
    </p>
   </div>
   <div class='ocr_carea' id='block_1_7' title="bbox 625 2050 905 2132">
    <p class='ocr_par' dir='ltr' id='par_1_7' title="bbox 625 2050 905 2132">
     <span class='ocr_line' id='line_1_17' title="bbox 625 2050 905 2132; baseline -0.007 -17"><span class='ocrx_word' id='word_1_105' title='bbox 625 2050 728 2132; x_wconf 86' lang='lat' dir='ltr'><strong>Infra</strong></span> <span class='ocrx_word' id='word_1_106' title='bbox 742 2051 905 2113; x_wconf 71' lang='lat' dir='ltr'><strong>acteonem.</strong></span> 
     </span>
    </p>
   </div>
   <div class='ocr_carea' id='block_1_8' title="bbox 158 2162 1360 2835">
    <p class='ocr_par' dir='ltr' id='par_1_8' title="bbox 160 2162 1359 2401">
     <span class='ocr_line' id='line_1_18' title="bbox 206 2162 1358 2243; baseline -0.002 -17"><span class='ocrx_word' id='word_1_107' title='bbox 206 2162 501 2228; x_wconf 75' lang='lat' dir='ltr'><strong>communicantes</strong></span> <span class='ocrx_word' id='word_1_108' title='bbox 531 2173 565 2226; x_wconf 89' lang='lat' dir='ltr'><strong>et</strong></span> <span class='ocrx_word' id='word_1_109' title='bbox 595 2164 684 2225; x_wconf 85' lang='lat' dir='ltr'><strong>diem</strong></span> <span class='ocrx_word' id='word_1_110' title='bbox 715 2164 974 2225; x_wconf 89' lang='lat' dir='ltr'><strong>sacratissimum</strong></span> <span class='ocrx_word' id='word_1_111' title='bbox 1006 2170 1222 2243; x_wconf 87' lang='lat' dir='ltr'><strong>pentecosten</strong></span> <span class='ocrx_word' id='word_1_112' title='bbox 1253 2162 1358 2224; x_wconf 89' lang='lat' dir='ltr'><strong>caele-</strong></span> 
     </span>
     <span class='ocr_line' id='line_1_19' title="bbox 160 2249 1359 2333; baseline 0.001 -22"><span class='ocrx_word' id='word_1_113' title='bbox 160 2250 297 2313; x_wconf 85' lang='lat' dir='ltr'><strong>brantes</strong></span> <span class='ocrx_word' id='word_1_114' title='bbox 312 2271 379 2333; x_wconf 92' lang='lat' dir='ltr'><strong>quo</strong></span> <span class='ocrx_word' id='word_1_115' title='bbox 394 2253 528 2333; x_wconf 91' lang='lat' dir='ltr'><strong>spiritus</strong></span> <span class='ocrx_word' id='word_1_116' title='bbox 544 2264 678 2314; x_wconf 87' lang='lat' dir='ltr'><strong>sanctus</strong></span> <span class='ocrx_word' id='word_1_117' title='bbox 703 2250 863 2331; x_wconf 90' lang='lat' dir='ltr'><strong>apostolis</strong></span> <span class='ocrx_word' id='word_1_118' title='bbox 888 2250 918 2310; x_wconf 94' lang='lat' dir='ltr'><strong>in</strong></span> <span class='ocrx_word' id='word_1_119' title='bbox 948 2251 1045 2310; x_wconf 88' lang='lat' dir='ltr'><strong>uariis</strong></span> <span class='ocrx_word' id='word_1_120' title='bbox 1061 2249 1181 2329; x_wconf 83' lang='lat' dir='ltr'><strong>linguis</strong></span> <span class='ocrx_word' id='word_1_121' title='bbox 1198 2250 1359 2331; x_wconf 84' lang='lat' dir='ltr'><strong>apparuit.</strong></span> 
     </span>
     <span class='ocr_line' id='line_1_20' title="bbox 160 2338 501 2401; baseline 0 0"><span class='ocrx_word' id='word_1_122' title='bbox 160 2338 230 2401; x_wconf 85' lang='lat' dir='ltr'><strong>Sed</strong></span> <span class='ocrx_word' id='word_1_123' title='bbox 247 2350 281 2400; x_wconf 88' lang='lat' dir='ltr'><strong>et</strong></span> <span class='ocrx_word' id='word_1_124' title='bbox 298 2340 501 2401; x_wconf 88' lang='lat' dir='ltr'><strong>memoriam.</strong></span> 
     </span>
    </p>

    <p class='ocr_par' dir='ltr' id='par_1_9' title="bbox 158 2423 1360 2835">
     <span class='ocr_line' id='line_1_21' title="bbox 207 2423 1360 2505; baseline -0.002 -18"><span class='ocrx_word' id='word_1_125' title='bbox 207 2424 306 2487; x_wconf 86' lang='lat' dir='ltr'><strong>Hanc</strong></span> <span class='ocrx_word' id='word_1_126' title='bbox 337 2426 436 2505; x_wconf 79' lang='lat' dir='ltr'><strong>igitur</strong></span> <span class='ocrx_word' id='word_1_127' title='bbox 464 2425 667 2488; x_wconf 87' lang='lat' dir='ltr'><strong>oblationem</strong></span> <span class='ocrx_word' id='word_1_128' title='bbox 698 2423 866 2486; x_wconf 91' lang='lat' dir='ltr'><strong>seruitutis</strong></span> <span class='ocrx_word' id='word_1_129' title='bbox 899 2433 1037 2484; x_wconf 89' lang='lat' dir='ltr'><strong>nostrae.</strong></span> <span class='ocrx_word' id='word_1_130' title='bbox 1068 2423 1126 2484; x_wconf 91' lang='lat' dir='ltr'><strong>sed</strong></span> <span class='ocrx_word' id='word_1_131' title='bbox 1158 2431 1191 2483; x_wconf 95' lang='lat' dir='ltr'><strong>et</strong></span> <span class='ocrx_word' id='word_1_132' title='bbox 1221 2432 1360 2485; x_wconf 88' lang='lat' dir='ltr'><strong>cunctae</strong></span> 
     </span>
     <span class='ocr_line' id='line_1_22' title="bbox 160 2509 1359 2594; baseline -0.004 -19"><span class='ocrx_word' id='word_1_133' title='bbox 160 2510 307 2575; x_wconf 77' lang='lat' dir='ltr'><strong>familiae</strong></span> <span class='ocrx_word' id='word_1_134' title='bbox 337 2526 414 2575; x_wconf 92' lang='lat' dir='ltr'><strong>tuae</strong></span> <span class='ocrx_word' id='word_1_135' title='bbox 443 2532 543 2594; x_wconf 88' lang='lat' dir='ltr'><strong>quam</strong></span> <span class='ocrx_word' id='word_1_136' title='bbox 576 2511 635 2574; x_wconf 92' lang='lat' dir='ltr'><strong>tibi</strong></span> <span class='ocrx_word' id='word_1_137' title='bbox 665 2510 834 2572; x_wconf 83' lang='lat' dir='ltr'><strong>offerimus</strong></span> <span class='ocrx_word' id='word_1_138' title='bbox 867 2530 927 2591; x_wconf 91' lang='lat' dir='ltr'><strong>pro</strong></span> <span class='ocrx_word' id='word_1_139' title='bbox 956 2509 1007 2570; x_wconf 93' lang='lat' dir='ltr'><strong>his</strong></span> <span class='ocrx_word' id='word_1_140' title='bbox 1037 2529 1170 2590; x_wconf 93' lang='lat' dir='ltr'><strong>quoque</strong></span> <span class='ocrx_word' id='word_1_141' title='bbox 1196 2530 1280 2590; x_wconf 89' lang='lat' dir='ltr'><strong>quos</strong></span> <span class='ocrx_word' id='word_1_142' title='bbox 1312 2530 1359 2571; x_wconf 91' lang='lat' dir='ltr'><strong>re-</strong></span> 
     </span>
     <span class='ocr_line' id='line_1_23' title="bbox 159 2595 1359 2681; baseline -0.003 -20"><span class='ocrx_word' id='word_1_143' title='bbox 159 2617 320 2679; x_wconf 80' lang='lat' dir='ltr'><strong>generare</strong></span> <span class='ocrx_word' id='word_1_144' title='bbox 346 2600 502 2681; x_wconf 80' lang='lat' dir='ltr'><strong>dignatus</strong></span> <span class='ocrx_word' id='word_1_145' title='bbox 527 2620 562 2660; x_wconf 95' lang='lat' dir='ltr'><strong>es</strong></span> <span class='ocrx_word' id='word_1_146' title='bbox 586 2619 630 2659; x_wconf 89' lang='lat' dir='ltr'><strong>ex</strong></span> <span class='ocrx_word' id='word_1_147' title='bbox 662 2617 749 2678; x_wconf 88' lang='lat' dir='ltr'><strong>aqua</strong></span> <span class='ocrx_word' id='word_1_148' title='bbox 779 2606 812 2659; x_wconf 90' lang='lat' dir='ltr'><strong>et</strong></span> <span class='ocrx_word' id='word_1_149' title='bbox 843 2598 958 2678; x_wconf 89' lang='lat' dir='ltr'><strong>spiritu</strong></span> <span class='ocrx_word' id='word_1_150' title='bbox 990 2607 1106 2658; x_wconf 91' lang='lat' dir='ltr'><strong>sancto</strong></span> <span class='ocrx_word' id='word_1_151' title='bbox 1137 2595 1285 2658; x_wconf 87' lang='lat' dir='ltr'><strong>tribuens</strong></span> <span class='ocrx_word' id='word_1_152' title='bbox 1312 2598 1359 2658; x_wconf 90' lang='lat' dir='ltr'><strong>eis</strong></span> 
     </span>
     <span class='ocr_line' id='line_1_24' title="bbox 160 2683 1359 2767; baseline -0.003 -20"><span class='ocrx_word' id='word_1_153' title='bbox 160 2686 387 2748; x_wconf 87' lang='lat' dir='ltr'><strong>remissionem</strong></span> <span class='ocrx_word' id='word_1_154' title='bbox 413 2686 561 2748; x_wconf 92' lang='lat' dir='ltr'><strong>omniurn</strong></span> <span class='ocrx_word' id='word_1_155' title='bbox 579 2695 798 2767; x_wconf 90' lang='lat' dir='ltr'><strong>pcccatorum.</strong></span> <span class='ocrx_word' id='word_1_156' title='bbox 826 2703 1006 2764; x_wconf 89' lang='lat' dir='ltr'><strong>quesumus</strong></span> <span class='ocrx_word' id='word_1_157' title='bbox 1031 2684 1166 2745; x_wconf 87' lang='lat' dir='ltr'><strong>domine</strong></span> <span class='ocrx_word' id='word_1_158' title='bbox 1189 2694 1226 2744; x_wconf 89' lang='lat' dir='ltr'><strong>ut</strong></span> <span class='ocrx_word' id='word_1_159' title='bbox 1249 2683 1359 2764; x_wconf 89' lang='lat' dir='ltr'><strong>placa-</strong></span> 
     </span>
     <span class='ocr_line' id='line_1_25' title="bbox 158 2784 222 2835; baseline 0 0"><span class='ocrx_word' id='word_1_160' title='bbox 158 2784 222 2835; x_wconf 88' lang='lat' dir='ltr'><strong>tus.</strong></span> 
     </span>
    </p>
   </div>
   <div class='ocr_carea' id='block_1_9' title="bbox 606 2915 902 2997">
    <p class='ocr_par' dir='ltr' id='par_1_10' title="bbox 606 2915 902 2997">
     <span class='ocr_line' id='line_1_26' title="bbox 606 2915 902 2997; baseline -0.003 -18"><span class='ocrx_word' id='word_1_161' title='bbox 606 2916 667 2979; x_wconf 82' lang='lat' dir='ltr'><strong>Ad</strong></span> <span class='ocrx_word' id='word_1_162' title='bbox 677 2915 902 2997; x_wconf 81' lang='lat' dir='ltr'><strong>complendum.</strong></span> 
     </span>
    </p>
   </div>
   <div class='ocr_carea' id='block_1_10' title="bbox 160 3027 1421 3199">
    <p class='ocr_par' dir='ltr' id='par_1_11' title="bbox 160 3027 1421 3199">
     <span class='ocr_line' id='line_1_27' title="bbox 204 3027 1421 3113; baseline -0.002 -18"><span class='ocrx_word' id='word_1_163' title='bbox 204 3028 320 3095; x_wconf 90' lang='lat' dir='ltr'><strong>Sancti</strong></span> <span class='ocrx_word' id='word_1_164' title='bbox 344 3030 478 3111; x_wconf 89' lang='lat' dir='ltr'><strong>spiritus</strong></span> <span class='ocrx_word' id='word_1_165' title='bbox 504 3029 639 3092; x_wconf 89' lang='lat' dir='ltr'><strong>domine</strong></span> <span class='ocrx_word' id='word_1_166' title='bbox 666 3029 767 3090; x_wconf 88' lang='lat' dir='ltr'><strong>corda</strong></span> <span class='ocrx_word' id='word_1_167' title='bbox 794 3038 906 3090; x_wconf 89' lang='lat' dir='ltr'><strong>nostra</strong></span> <span class='ocrx_word' id='word_1_168' title='bbox 932 3027 1069 3089; x_wconf 89' lang='lat' dir='ltr'><strong>mundet</strong></span> <span class='ocrx_word' id='word_1_169' title='bbox 1096 3027 1217 3090; x_wconf 84' lang='lat' dir='ltr'><strong>infusio</strong></span> <span class='ocrx_word' id='word_1_170' title='bbox 1246 3038 1280 3092; x_wconf 92' lang='lat' dir='ltr'><strong>et</strong></span> <span class='ocrx_word' id='word_1_171' title='bbox 1307 3032 1356 3093; x_wconf 93' lang='lat' dir='ltr'><strong>sui</strong></span> <span class='ocrx_word' id='word_1_172' title='bbox 1418 3108 1421 3113; x_wconf 25' lang='grc' dir='ltr'>Ι</span> 
     </span>
     <span class='ocr_line' id='line_1_28' title="bbox 160 3116 1213 3199; baseline -0.002 -20"><span class='ocrx_word' id='word_1_173' title='bbox 160 3118 242 3179; x_wconf 89' lang='lat' dir='ltr'><strong>roris</strong></span> <span class='ocrx_word' id='word_1_174' title='bbox 258 3118 375 3179; x_wconf 91' lang='lat' dir='ltr'><strong>intima</strong></span> <span class='ocrx_word' id='word_1_175' title='bbox 391 3119 581 3199; x_wconf 85' lang='lat' dir='ltr'><strong>aspersione</strong></span> <span class='ocrx_word' id='word_1_176' title='bbox 597 3116 760 3179; x_wconf 82' lang='lat' dir='ltr'><strong>secundet</strong></span> <span class='ocrx_word' id='word_1_177' title='bbox 777 3136 836 3197; x_wconf 90' lang='lat' dir='ltr'><strong>per</strong></span> <span class='ocrx_word' id='word_1_178' title='bbox 851 3116 1022 3177; x_wconf 91' lang='lat' dir='ltr'><strong>dominum</strong></span> <span class='ocrx_word' id='word_1_179' title='bbox 1041 3118 1213 3178; x_wconf 74' lang='lat' dir='ltr'><strong>nostrum.²</strong></span> 
     </span>
    </p>
   </div>
   <div class='ocr_carea' id='block_1_11' title="bbox 623 3340 1354 3435">
    <p class='ocr_par' dir='ltr' id='par_1_12' title="bbox 623 3340 1354 3435">
     <span class='ocr_line' id='line_1_29' title="bbox 623 3340 1354 3435; baseline -0.004 -22"><span class='ocrx_word' id='word_1_180' title='bbox 623 3350 700 3435; x_wconf 74' lang='lat' dir='ltr'><strong>[An</strong></span> <span class='ocrx_word' id='word_1_181' title='bbox 717 3350 886 3413; x_wconf 69' lang='grc' dir='ltr'><strong>ΜΙεεΑΜ,8</strong></span> <span class='ocrx_word' id='word_1_182' title='bbox 908 3340 911 3351; x_wconf 87' lang='grc'><strong>’</strong></span> <span class='ocrx_word' id='word_1_183' title='bbox 1235 3345 1291 3432; x_wconf 86' lang='lat' dir='ltr'><strong>[lo.</strong></span> <span class='ocrx_word' id='word_1_184' title='bbox 1307 3352 1354 3427; x_wconf 83' lang='lat'><strong>85.</strong></span> 
     </span>
    </p>
   </div>
   <div class='ocr_carea' id='block_1_12' title="bbox 155 3476 1356 3807">
    <p class='ocr_par' dir='ltr' id='par_1_13' title="bbox 155 3476 1356 3807">
     <span class='ocr_line' id='line_1_30' title="bbox 203 3476 1356 3565; baseline -0.006 -19"><span class='ocrx_word' id='word_1_185' title='bbox 203 3484 297 3547; x_wconf 91' lang='lat' dir='ltr'><strong>Deus</strong></span> <span class='ocrx_word' id='word_1_186' title='bbox 320 3483 376 3565; x_wconf 91' lang='lat' dir='ltr'><strong>qui</strong></span> <span class='ocrx_word' id='word_1_187' title='bbox 403 3481 563 3545; x_wconf 89' lang='lat' dir='ltr'><strong>hodierna</strong></span> <span class='ocrx_word' id='word_1_188' title='bbox 590 3482 643 3544; x_wconf 90' lang='lat' dir='ltr'><strong>die</strong></span> <span class='ocrx_word' id='word_1_189' title='bbox 668 3481 769 3543; x_wconf 90' lang='lat' dir='ltr'><strong>corda</strong></span> <span class='ocrx_word' id='word_1_190' title='bbox 794 3478 940 3541; x_wconf 88' lang='lat' dir='ltr'><strong>fidelium</strong></span> <span class='ocrx_word' id='word_1_191' title='bbox 966 3476 1070 3539; x_wconf 88' lang='lat' dir='ltr'><strong>sancti</strong></span> <span class='ocrx_word' id='word_1_192' title='bbox 1098 3477 1231 3558; x_wconf 87' lang='lat' dir='ltr'><strong>spiritus</strong></span> <span class='ocrx_word' id='word_1_193' title='bbox 1256 3478 1356 3540; x_wconf 86' lang='lat' dir='ltr'><strong>inlus-</strong></span> 
     </span>
     <span class='ocr_line' id='line_1_31' title="bbox 157 3565 1356 3647; baseline -0.005 -14"><span class='ocrx_word' id='word_1_194' title='bbox 157 3571 302 3634; x_wconf 89' lang='lat' dir='ltr'><strong>tratione</strong></span> <span class='ocrx_word' id='word_1_195' title='bbox 328 3570 479 3632; x_wconf 92' lang='lat' dir='ltr'><strong>docuisti.</strong></span> <span class='ocrx_word' id='word_1_196' title='bbox 505 3570 549 3631; x_wconf 87' lang='lat' dir='ltr'><strong>da</strong></span> <span class='ocrx_word' id='word_1_197' title='bbox 576 3568 672 3630; x_wconf 91' lang='lat' dir='ltr'><strong>nobis</strong></span> <span class='ocrx_word' id='word_1_198' title='bbox 696 3569 727 3629; x_wconf 93' lang='lat' dir='ltr'><strong>in</strong></span> <span class='ocrx_word' id='word_1_199' title='bbox 752 3567 870 3628; x_wconf 93' lang='lat' dir='ltr'><strong>eodem</strong></span> <span class='ocrx_word' id='word_1_200' title='bbox 887 3565 1002 3647; x_wconf 89' lang='lat' dir='ltr'><strong>spiritu</strong></span> <span class='ocrx_word' id='word_1_201' title='bbox 1019 3574 1108 3625; x_wconf 90' lang='lat' dir='ltr'><strong>recta</strong></span> <span class='ocrx_word' id='word_1_202' title='bbox 1124 3585 1248 3645; x_wconf 88' lang='lat' dir='ltr'><strong>sapere.</strong></span> <span class='ocrx_word' id='word_1_203' title='bbox 1264 3575 1297 3626; x_wconf 89' lang='lat' dir='ltr'><strong>et</strong></span> <span class='ocrx_word' id='word_1_204' title='bbox 1314 3567 1356 3628; x_wconf 93' lang='lat' dir='ltr'><strong>de</strong></span> 
     </span>
     <span class='ocr_line' id='line_1_32' title="bbox 156 3652 1356 3739; baseline -0.004 -20"><span class='ocrx_word' id='word_1_205' title='bbox 156 3659 228 3720; x_wconf 89' lang='lat' dir='ltr'><strong>eius</strong></span> <span class='ocrx_word' id='word_1_206' title='bbox 257 3676 389 3739; x_wconf 91' lang='lat' dir='ltr'><strong>semper</strong></span> <span class='ocrx_word' id='word_1_207' title='bbox 418 3656 646 3718; x_wconf 85' lang='lat' dir='ltr'><strong>consolatione</strong></span> <span class='ocrx_word' id='word_1_208' title='bbox 676 3654 828 3737; x_wconf 82' lang='lat' dir='ltr'><strong>gaudere.</strong></span> <span class='ocrx_word' id='word_1_209' title='bbox 862 3674 920 3734; x_wconf 90' lang='lat' dir='ltr'><strong>per</strong></span> <span class='ocrx_word' id='word_1_210' title='bbox 950 3652 1130 3714; x_wconf 91' lang='lat' dir='ltr'><strong>dominum.</strong></span> <span class='ocrx_word' id='word_1_211' title='bbox 1163 3653 1194 3713; x_wconf 92' lang='lat' dir='ltr'><strong>in</strong></span> <span class='ocrx_word' id='word_1_212' title='bbox 1227 3653 1356 3714; x_wconf 88' lang='lat' dir='ltr'><strong>unitate</strong></span> 
     </span>
     <span class='ocr_line' id='line_1_33' title="bbox 155 3746 315 3807; baseline -0.006 0"><span class='ocrx_word' id='word_1_213' title='bbox 155 3746 315 3807; x_wconf 88' lang='lat' dir='ltr'><strong>ciusdem.</strong></span> 
     </span>
    </p>
   </div>
   <div class='ocr_carea' id='block_1_13' title="bbox 688 3886 824 3951">
    <p class='ocr_par' dir='ltr' id='par_1_14' title="bbox 688 3886 824 3951">
     <span class='ocr_line' id='line_1_34' title="bbox 688 3886 824 3951; baseline -0.029 0"><span class='ocrx_word' id='word_1_214' title='bbox 688 3886 824 3951; x_wconf 76' lang='lat' dir='ltr'><strong>Secreta.</strong></span> 
     </span>
    </p>
   </div>
   <div class='ocr_carea' id='block_1_14' title="bbox 153 3994 1354 4239">
    <p class='ocr_par' dir='ltr' id='par_1_15' title="bbox 153 3994 1354 4239">
     <span class='ocr_line' id='line_1_35' title="bbox 199 3994 1353 4081; baseline -0.004 -17"><span class='ocrx_word' id='word_1_215' title='bbox 199 4000 343 4065; x_wconf 90' lang='lat' dir='ltr'><strong>Munera</strong></span> <span class='ocrx_word' id='word_1_216' title='bbox 366 4000 502 4063; x_wconf 86' lang='lat' dir='ltr'><strong>domine</strong></span> <span class='ocrx_word' id='word_1_217' title='bbox 525 4019 705 4081; x_wconf 92' lang='lat' dir='ltr'><strong>quesumus</strong></span> <span class='ocrx_word' id='word_1_218' title='bbox 730 3997 843 4060; x_wconf 88' lang='lat' dir='ltr'><strong>oblata</strong></span> <span class='ocrx_word' id='word_1_219' title='bbox 866 3994 1037 4058; x_wconf 86' lang='lat' dir='ltr'><strong>sanctifica</strong></span> <span class='ocrx_word' id='word_1_220' title='bbox 1063 4006 1096 4058; x_wconf 92' lang='lat' dir='ltr'><strong>et</strong></span> <span class='ocrx_word' id='word_1_221' title='bbox 1118 3996 1218 4059; x_wconf 91' lang='lat' dir='ltr'><strong>corda</strong></span> <span class='ocrx_word' id='word_1_222' title='bbox 1241 4007 1353 4059; x_wconf 88' lang='lat' dir='ltr'><strong>nostra</strong></span> 
     </span>
     <span class='ocr_line' id='line_1_36' title="bbox 154 4084 1354 4171; baseline -0.003 -20"><span class='ocrx_word' id='word_1_223' title='bbox 154 4090 261 4152; x_wconf 86' lang='lat' dir='ltr'><strong>sancti</strong></span> <span class='ocrx_word' id='word_1_224' title='bbox 288 4088 424 4171; x_wconf 88' lang='lat' dir='ltr'><strong>spiritus</strong></span> <span class='ocrx_word' id='word_1_225' title='bbox 448 4088 677 4150; x_wconf 86' lang='lat' dir='ltr'><strong>inlustratione</strong></span> <span class='ocrx_word' id='word_1_226' title='bbox 697 4084 851 4148; x_wconf 84' lang='lat' dir='ltr'><strong>emunda.</strong></span> <span class='ocrx_word' id='word_1_227' title='bbox 880 4104 938 4165; x_wconf 91' lang='lat' dir='ltr'><strong>per</strong></span> <span class='ocrx_word' id='word_1_228' title='bbox 964 4084 1146 4147; x_wconf 90' lang='lat' dir='ltr'><strong>dominum.</strong></span> <span class='ocrx_word' id='word_1_229' title='bbox 1171 4085 1202 4145; x_wconf 94' lang='lat' dir='ltr'><strong>in</strong></span> <span class='ocrx_word' id='word_1_230' title='bbox 1227 4086 1354 4147; x_wconf 89' lang='lat' dir='ltr'><strong>unitate</strong></span> 
     </span>
     <span class='ocr_line' id='line_1_37' title="bbox 153 4176 313 4239; baseline 0 0"><span class='ocrx_word' id='word_1_231' title='bbox 153 4176 313 4239; x_wconf 90' lang='lat' dir='ltr'><strong>eiusdem.</strong></span> 
     </span>
    </p>
   </div>
   <div class='ocr_carea' id='block_1_15' title="bbox 152 4358 1351 4623">
    <p class='ocr_par' dir='ltr' id='par_1_16' title="bbox 186 4358 459 4413">
     <span class='ocr_line' id='line_1_38' title="bbox 186 4358 459 4413; baseline 0 0"><span class='ocrx_word' id='word_1_232' title='bbox 186 4358 196 4393; x_wconf 87' lang='lat'>¹</span> <span class='ocrx_word' id='word_1_233' title='bbox 213 4362 265 4413; x_wconf 75' lang='lat' dir='ltr'><strong>For</strong></span> <span class='ocrx_word' id='word_1_234' title='bbox 275 4362 459 4413; x_wconf 67' lang='lat' dir='ltr'><strong>inlustratum</strong></span> 
     </span>
    </p>

    <p class='ocr_par' dir='ltr' id='par_1_17' title="bbox 152 4420 1351 4553">
     <span class='ocr_line' id='line_1_39' title="bbox 185 4420 1351 4493; baseline -0.008 -13"><span class='ocrx_word' id='word_1_235' title='bbox 185 4424 423 4493; x_wconf 75' lang='lat' dir='ltr'><strong>&#39;‘l&#39;lrelowerpart</strong></span> <span class='ocrx_word' id='word_1_236' title='bbox 434 4426 464 4477; x_wconf 85' lang='lat' dir='ltr'><strong>ol</strong></span> <span class='ocrx_word' id='word_1_237' title='bbox 477 4426 520 4478; x_wconf 84' lang='lat' dir='ltr'><strong>the</strong></span> <span class='ocrx_word' id='word_1_238' title='bbox 538 4434 607 4477; x_wconf 85' lang='lat' dir='ltr'><strong>recto</strong></span> <span class='ocrx_word' id='word_1_239' title='bbox 626 4424 655 4474; x_wconf 86' lang='lat' dir='ltr'><strong>ol</strong></span> <span class='ocrx_word' id='word_1_240' title='bbox 668 4424 710 4474; x_wconf 86' lang='lat' dir='ltr'><strong>sot.</strong></span> <span class='ocrx_word' id='word_1_241' title='bbox 731 4423 764 4485; x_wconf 64' lang='lat'><strong>84</strong></span> <span class='ocrx_word' id='word_1_242' title='bbox 783 4423 804 4473; x_wconf 84' lang='lat' dir='ltr'><strong>is</strong></span> <span class='ocrx_word' id='word_1_243' title='bbox 824 4420 922 4481; x_wconf 83' lang='lat' dir='ltr'><strong>blank;</strong></span> <span class='ocrx_word' id='word_1_244' title='bbox 939 4422 982 4473; x_wconf 86' lang='lat' dir='ltr'><strong>the</strong></span> <span class='ocrx_word' id='word_1_245' title='bbox 1000 4438 1071 4472; x_wconf 82' lang='lat' dir='ltr'><strong>verso</strong></span> <span class='ocrx_word' id='word_1_246' title='bbox 1091 4422 1112 4472; x_wconf 88' lang='lat' dir='ltr'><strong>is</strong></span> <span class='ocrx_word' id='word_1_247' title='bbox 1131 4422 1252 4487; x_wconf 87' lang='lat' dir='ltr'><strong>occupied</strong></span> <span class='ocrx_word' id='word_1_248' title='bbox 1270 4424 1302 4487; x_wconf 79' lang='lat' dir='ltr'><strong>ly</strong></span> <span class='ocrx_word' id='word_1_249' title='bbox 1319 4440 1351 4471; x_wconf 88' lang='lat' dir='ltr'><strong>an</strong></span> 
     </span>
     <span class='ocr_line' id='line_1_40' title="bbox 152 4492 565 4553; baseline -0.002 -9"><span class='ocrx_word' id='word_1_250' title='bbox 152 4494 330 4545; x_wconf 75' lang='lat' dir='ltr'><strong>illumination.</strong></span> <span class='ocrx_word' id='word_1_251' title='bbox 365 4492 425 4551; x_wconf 80' lang='lat' dir='ltr'><strong>(See</strong></span> <span class='ocrx_word' id='word_1_252' title='bbox 436 4494 507 4543; x_wconf 83' lang='lat' dir='ltr'><strong>Plate</strong></span> <span class='ocrx_word' id='word_1_253' title='bbox 519 4492 565 4553; x_wconf 79' lang='lat' dir='ltr'><strong>X.)</strong></span> 
     </span>
    </p>

    <p class='ocr_par' dir='ltr' id='par_1_18' title="bbox 184 4555 758 4623">
     <span class='ocr_line' id='line_1_41' title="bbox 184 4555 758 4623; baseline -0.012 -12"><span class='ocrx_word' id='word_1_254' title='bbox 184 4558 297 4611; x_wconf 76' lang='lat' dir='ltr'><strong>&#39;There</strong></span> <span class='ocrx_word' id='word_1_255' title='bbox 306 4558 329 4609; x_wconf 80' lang='grc' dir='ltr'><strong>ίι</strong></span> <span class='ocrx_word' id='word_1_256' title='bbox 339 4572 373 4609; x_wconf 83' lang='lat' dir='ltr'><strong>no</strong></span> <span class='ocrx_word' id='word_1_257' title='bbox 383 4558 456 4609; x_wconf 82' lang='lat' dir='ltr'><strong>other</strong></span> <span class='ocrx_word' id='word_1_258' title='bbox 466 4556 575 4623; x_wconf 74' lang='lat' dir='ltr'><strong>heading</strong></span> <span class='ocrx_word' id='word_1_259' title='bbox 585 4564 612 4605; x_wconf 86' lang='lat' dir='ltr'><strong>to</strong></span> <span class='ocrx_word' id='word_1_260' title='bbox 624 4555 673 4607; x_wconf 84' lang='lat' dir='ltr'><strong>this</strong></span> <span class='ocrx_word' id='word_1_261' title='bbox 684 4570 758 4605; x_wconf 83' lang='lat' dir='ltr'><strong>mass.</strong></span> 
     </span>
    </p>
   </div>
   <div class='ocr_carea' id='block_1_16' title="bbox 0 0 1524 5106">
    <p class='ocr_par' dir='ltr' id='par_1_19' title="bbox 0 0 1524 5106">
     <span class='ocr_line' id='line_1_42' title="bbox 0 0 1524 5106; baseline 0 1"><span class='ocrx_word' id='word_1_262' title='bbox 0 0 1524 5106; x_wconf 95' lang='lat' dir='ltr'><strong> </strong></span> 
     </span>
    </p>
   </div>
  </div>
 </body>
</html>
