<?xml version="1.0" encoding="UTF-8"?>
<!DOCTYPE html PUBLIC "-//W3C//DTD XHTML 1.0 Transitional//EN"
    "http://www.w3.org/TR/xhtml1/DTD/xhtml1-transitional.dtd">
<html xmlns="http://www.w3.org/1999/xhtml" xml:lang="en" lang="en">
 <head>
  <title>
</title>
<meta http-equiv="Content-Type" content="text/html;charset=utf-8" />
  <meta name='ocr-system' content='tesseract 3.04.00' />
  <meta name='ocr-capabilities' content='ocr_page ocr_carea ocr_par ocr_line ocrx_word'/>
</head>
<body>
  <div class='ocr_page' id='page_1' title='image "./missalrobertjum00wilsgoog_0337.png"; bbox 0 0 3038 5106; ppageno 0'>
   <div class='ocr_carea' id='block_1_1' title="bbox 521 336 874 389">
    <p class='ocr_par' dir='ltr' id='par_1_1' title="bbox 521 336 874 389">
     <span class='ocr_line' id='line_1_1' title="bbox 521 336 874 389; baseline -0.003 -2"><span class='ocrx_word' id='word_1_1' title='bbox 521 338 636 388; x_wconf 80' lang='lat' dir='ltr'><em>MISSA</em></span> <span class='ocrx_word' id='word_1_2' title='bbox 655 338 729 388; x_wconf 88' lang='lat' dir='ltr'>PRO</span> <span class='ocrx_word' id='word_1_3' title='bbox 744 336 874 389; x_wconf 80' lang='lat' dir='ltr'><em>AMICO.</em></span> 
     </span>
    </p>
   </div>
   <div class='ocr_carea' id='block_1_2' title="bbox 580 534 809 600">
    <p class='ocr_par' dir='ltr' id='par_1_2' title="bbox 580 534 809 600">
     <span class='ocr_line' id='line_1_2' title="bbox 580 534 809 600; baseline 0 -1"><span class='ocrx_word' id='word_1_4' title='bbox 580 536 675 600; x_wconf 79' lang='lat' dir='ltr'>Iram</span> <span class='ocrx_word' id='word_1_5' title='bbox 701 534 809 599; x_wconf 72' lang='lat' dir='ltr'>Ama,</span> 
     </span>
    </p>
   </div>
   <div class='ocr_carea' id='block_1_3' title="bbox 101 671 1302 1021">
    <p class='ocr_par' dir='ltr' id='par_1_3' title="bbox 101 671 1302 1021">
     <span class='ocr_line' id='line_1_3' title="bbox 145 671 1301 755; baseline 0 -16"><span class='ocrx_word' id='word_1_6' title='bbox 145 675 276 739; x_wconf 86' lang='lat' dir='ltr'>Adesto</span> <span class='ocrx_word' id='word_1_7' title='bbox 302 673 437 738; x_wconf 93' lang='lat' dir='ltr'>domine</span> <span class='ocrx_word' id='word_1_8' title='bbox 463 671 760 755; x_wconf 88' lang='lat' dir='ltr'>supplicationibus</span> <span class='ocrx_word' id='word_1_9' title='bbox 785 672 970 736; x_wconf 84' lang='lat' dir='ltr'>nostriset</span> <span class='ocrx_word' id='word_1_10' title='bbox 995 671 1080 736; x_wconf 90' lang='lat' dir='ltr'>hanc</span> <span class='ocrx_word' id='word_1_11' title='bbox 1104 674 1217 738; x_wconf 87' lang='lat' dir='ltr'>famuli</span> <span class='ocrx_word' id='word_1_12' title='bbox 1244 678 1301 739; x_wconf 89' lang='lat' dir='ltr'>tui.</span> 
     </span>
     <span class='ocr_line' id='line_1_4' title="bbox 102 759 1301 841; baseline -0.002 -14"><span class='ocrx_word' id='word_1_13' title='bbox 102 762 144 827; x_wconf 89' lang='lat' dir='ltr'>N.</span> <span class='ocrx_word' id='word_1_14' title='bbox 166 761 369 826; x_wconf 90' lang='lat' dir='ltr'>oblationem</span> <span class='ocrx_word' id='word_1_15' title='bbox 394 760 557 841; x_wconf 90' lang='lat' dir='ltr'>benignus</span> <span class='ocrx_word' id='word_1_16' title='bbox 580 778 719 822; x_wconf 88' lang='lat' dir='ltr'>assume.</span> <span class='ocrx_word' id='word_1_17' title='bbox 744 767 780 820; x_wconf 93' lang='lat' dir='ltr'>ut</span> <span class='ocrx_word' id='word_1_18' title='bbox 803 759 859 840; x_wconf 94' lang='lat' dir='ltr'>qui</span> <span class='ocrx_word' id='word_1_19' title='bbox 882 760 1043 823; x_wconf 88' lang='lat' dir='ltr'>auxilium</span> <span class='ocrx_word' id='word_1_20' title='bbox 1068 772 1144 825; x_wconf 91' lang='lat' dir='ltr'>tuae</span> <span class='ocrx_word' id='word_1_21' title='bbox 1169 764 1301 826; x_wconf 89' lang='lat' dir='ltr'>misera-</span> 
     </span>
     <span class='ocr_line' id='line_1_5' title="bbox 101 845 1302 932; baseline -0.001 -18"><span class='ocrx_word' id='word_1_22' title='bbox 101 850 201 914; x_wconf 83' lang='lat' dir='ltr'>tionis</span> <span class='ocrx_word' id='word_1_23' title='bbox 216 847 380 930; x_wconf 87' lang='lat' dir='ltr'>implorat</span> <span class='ocrx_word' id='word_1_24' title='bbox 396 856 430 910; x_wconf 92' lang='lat' dir='ltr'>et</span> <span class='ocrx_word' id='word_1_25' title='bbox 457 845 727 910; x_wconf 87' lang='lat' dir='ltr'>sanctificationis</span> <span class='ocrx_word' id='word_1_26' title='bbox 753 845 894 927; x_wconf 83' lang='lat' dir='ltr'>gratiam</span> <span class='ocrx_word' id='word_1_27' title='bbox 923 845 1048 910; x_wconf 87' lang='lat' dir='ltr'>reserat.</span> <span class='ocrx_word' id='word_1_28' title='bbox 1065 859 1098 912; x_wconf 93' lang='lat' dir='ltr'>et</span> <span class='ocrx_word' id='word_1_29' title='bbox 1114 849 1203 930; x_wconf 92' lang='lat' dir='ltr'>quod</span> <span class='ocrx_word' id='word_1_30' title='bbox 1228 851 1302 932; x_wconf 89' lang='lat' dir='ltr'>piae</span> 
     </span>
     <span class='ocr_line' id='line_1_6' title="bbox 101 933 529 1021; baseline -0.012 -20"><span class='ocrx_word' id='word_1_31' title='bbox 101 946 276 1021; x_wconf 87' lang='lat' dir='ltr'>praecatur</span> <span class='ocrx_word' id='word_1_32' title='bbox 290 933 447 997; x_wconf 89' lang='lat' dir='ltr'>obtineat.</span> <span class='ocrx_word' id='word_1_33' title='bbox 464 953 529 1016; x_wconf 90' lang='lat' dir='ltr'>per.</span> 
     </span>
    </p>
   </div>
   <div class='ocr_carea' id='block_1_4' title="bbox 635 1055 772 1116">
    <p class='ocr_par' dir='ltr' id='par_1_4' title="bbox 635 1055 772 1116">
     <span class='ocr_line' id='line_1_7' title="bbox 635 1055 772 1116; baseline -0.007 0"><span class='ocrx_word' id='word_1_34' title='bbox 635 1055 772 1116; x_wconf 79' lang='lat' dir='ltr'>Secreta.</span> 
     </span>
    </p>
   </div>
   <div class='ocr_carea' id='block_1_5' title="bbox 102 1163 1304 1422">
    <p class='ocr_par' dir='ltr' id='par_1_5' title="bbox 102 1163 1304 1422">
     <span class='ocr_line' id='line_1_8' title="bbox 147 1163 1302 1250; baseline 0.001 -19"><span class='ocrx_word' id='word_1_35' title='bbox 147 1167 251 1232; x_wconf 89' lang='lat' dir='ltr'>Grata</span> <span class='ocrx_word' id='word_1_36' title='bbox 278 1168 319 1229; x_wconf 92' lang='lat' dir='ltr'>sit</span> <span class='ocrx_word' id='word_1_37' title='bbox 346 1165 421 1248; x_wconf 85' lang='lat' dir='ltr'>tibi[</span> <span class='ocrx_word' id='word_1_38' title='bbox 467 1163 492 1250; x_wconf 87' lang='lat'>¹]</span> <span class='ocrx_word' id='word_1_39' title='bbox 524 1165 605 1227; x_wconf 92' lang='lat' dir='ltr'>haec</span> <span class='ocrx_word' id='word_1_40' title='bbox 635 1164 760 1227; x_wconf 89' lang='lat' dir='ltr'>oblatio</span> <span class='ocrx_word' id='word_1_41' title='bbox 792 1165 905 1227; x_wconf 88' lang='lat' dir='ltr'>famuli</span> <span class='ocrx_word' id='word_1_42' title='bbox 936 1168 991 1228; x_wconf 92' lang='lat' dir='ltr'>tui.</span> <span class='ocrx_word' id='word_1_43' title='bbox 1032 1167 1072 1229; x_wconf 89' lang='lat' dir='ltr'>N.</span> <span class='ocrx_word' id='word_1_44' title='bbox 1112 1188 1211 1249; x_wconf 90' lang='lat' dir='ltr'>quam</span> <span class='ocrx_word' id='word_1_45' title='bbox 1244 1170 1302 1232; x_wconf 88' lang='lat' dir='ltr'>tibi</span> 
     </span>
     <span class='ocr_line' id='line_1_9' title="bbox 102 1251 1304 1339; baseline 0 -21"><span class='ocrx_word' id='word_1_46' title='bbox 102 1254 272 1318; x_wconf 84' lang='lat' dir='ltr'>offerimus</span> <span class='ocrx_word' id='word_1_47' title='bbox 297 1254 329 1315; x_wconf 91' lang='lat' dir='ltr'>in</span> <span class='ocrx_word' id='word_1_48' title='bbox 355 1253 480 1315; x_wconf 90' lang='lat' dir='ltr'>honore</span> <span class='ocrx_word' id='word_1_49' title='bbox 502 1251 590 1315; x_wconf 91' lang='lat' dir='ltr'>beati</span> <span class='ocrx_word' id='word_1_50' title='bbox 616 1253 770 1333; x_wconf 89' lang='lat' dir='ltr'>martyris</span> <span class='ocrx_word' id='word_1_51' title='bbox 793 1253 849 1314; x_wconf 91' lang='lat' dir='ltr'>tui.</span> <span class='ocrx_word' id='word_1_52' title='bbox 866 1252 911 1314; x_wconf 85' lang='lat' dir='ltr'>ill.</span> <span class='ocrx_word' id='word_1_53' title='bbox 928 1273 1107 1335; x_wconf 88' lang='lat' dir='ltr'>quesumus</span> <span class='ocrx_word' id='word_1_54' title='bbox 1131 1266 1166 1318; x_wconf 94' lang='lat' dir='ltr'>ut</span> <span class='ocrx_word' id='word_1_55' title='bbox 1183 1257 1211 1318; x_wconf 90' lang='lat' dir='ltr'>ei</span> <span class='ocrx_word' id='word_1_56' title='bbox 1229 1279 1304 1339; x_wconf 91' lang='lat' dir='ltr'>pro·</span> 
     </span>
     <span class='ocr_line' id='line_1_10' title="bbox 103 1340 500 1422; baseline -0.01 -17"><span class='ocrx_word' id='word_1_57' title='bbox 103 1341 193 1405; x_wconf 88' lang='lat' dir='ltr'>liciat</span> <span class='ocrx_word' id='word_1_58' title='bbox 209 1343 250 1404; x_wconf 90' lang='lat' dir='ltr'>ad</span> <span class='ocrx_word' id='word_1_59' title='bbox 268 1340 418 1404; x_wconf 90' lang='lat' dir='ltr'>salutem.</span> <span class='ocrx_word' id='word_1_60' title='bbox 435 1360 500 1422; x_wconf 87' lang='lat' dir='ltr'>per.</span> 
     </span>
    </p>
   </div>
   <div class='ocr_carea' id='block_1_6' title="bbox 559 1459 856 1539">
    <p class='ocr_par' dir='ltr' id='par_1_6' title="bbox 559 1459 856 1539">
     <span class='ocr_line' id='line_1_11' title="bbox 559 1459 856 1539; baseline -0.003 -16"><span class='ocrx_word' id='word_1_61' title='bbox 559 1460 621 1523; x_wconf 78' lang='lat' dir='ltr'>Ad</span> <span class='ocrx_word' id='word_1_62' title='bbox 631 1459 856 1539; x_wconf 84' lang='lat' dir='ltr'>complendum.</span> 
     </span>
    </p>
   </div>
   <div class='ocr_carea' id='block_1_7' title="bbox 104 1573 1305 1829">
    <p class='ocr_par' dir='ltr' id='par_1_7' title="bbox 104 1573 1305 1829">
     <span class='ocr_line' id='line_1_12' title="bbox 149 1573 1305 1657; baseline 0.002 -19"><span class='ocrx_word' id='word_1_63' title='bbox 149 1574 327 1638; x_wconf 88' lang='lat' dir='ltr'>Famulum</span> <span class='ocrx_word' id='word_1_64' title='bbox 351 1583 453 1636; x_wconf 92' lang='lat' dir='ltr'>tuum.</span> <span class='ocrx_word' id='word_1_65' title='bbox 486 1574 526 1636; x_wconf 96' lang='lat' dir='ltr'>N.</span> <span class='ocrx_word' id='word_1_66' title='bbox 557 1592 736 1654; x_wconf 90' lang='lat' dir='ltr'>quesumus</span> <span class='ocrx_word' id='word_1_67' title='bbox 766 1573 902 1635; x_wconf 92' lang='lat' dir='ltr'>domine</span> <span class='ocrx_word' id='word_1_68' title='bbox 932 1594 1089 1656; x_wconf 87' lang='lat' dir='ltr'>corporae</span> <span class='ocrx_word' id='word_1_69' title='bbox 1120 1577 1242 1657; x_wconf 90' lang='lat' dir='ltr'>pariter</span> <span class='ocrx_word' id='word_1_70' title='bbox 1272 1588 1305 1640; x_wconf 86' lang='lat' dir='ltr'>et</span> 
     </span>
     <span class='ocr_line' id='line_1_13' title="bbox 105 1659 1305 1744; baseline 0.002 -19"><span class='ocrx_word' id='word_1_71' title='bbox 105 1671 218 1725; x_wconf 86' lang='lat' dir='ltr'>mente</span> <span class='ocrx_word' id='word_1_72' title='bbox 243 1660 386 1744; x_wconf 88' lang='lat' dir='ltr'>purifica.</span> <span class='ocrx_word' id='word_1_73' title='bbox 403 1672 440 1722; x_wconf 93' lang='lat' dir='ltr'>ut</span> <span class='ocrx_word' id='word_1_74' title='bbox 464 1670 521 1722; x_wconf 91' lang='lat' dir='ltr'>tua</span> <span class='ocrx_word' id='word_1_75' title='bbox 546 1659 761 1740; x_wconf 87' lang='lat' dir='ltr'>inspiratione</span> <span class='ocrx_word' id='word_1_76' title='bbox 786 1671 1004 1741; x_wconf 90' lang='lat' dir='ltr'>compunctus</span> <span class='ocrx_word' id='word_1_77' title='bbox 1026 1663 1145 1724; x_wconf 90' lang='lat' dir='ltr'>noxias</span> <span class='ocrx_word' id='word_1_78' title='bbox 1161 1664 1305 1727; x_wconf 87' lang='lat' dir='ltr'>delecta·</span> 
     </span>
     <span class='ocr_line' id='line_1_14' title="bbox 104 1746 631 1829; baseline -0.009 -17"><span class='ocrx_word' id='word_1_79' title='bbox 104 1751 214 1814; x_wconf 92' lang='lat' dir='ltr'>tiones</span> <span class='ocrx_word' id='word_1_80' title='bbox 229 1749 334 1811; x_wconf 90' lang='lat' dir='ltr'>uitare</span> <span class='ocrx_word' id='word_1_81' title='bbox 350 1746 547 1829; x_wconf 91' lang='lat' dir='ltr'>praeualeat.</span> <span class='ocrx_word' id='word_1_82' title='bbox 566 1766 631 1827; x_wconf 87' lang='lat' dir='ltr'>per.</span> 
     </span>
    </p>
   </div>
   <div class='ocr_carea' id='block_1_8' title="bbox 579 1930 805 1994">
    <p class='ocr_par' dir='ltr' id='par_1_8' title="bbox 579 1930 805 1994">
     <span class='ocr_line' id='line_1_15' title="bbox 579 1930 805 1994; baseline -0.004 -1"><span class='ocrx_word' id='word_1_83' title='bbox 579 1931 673 1993; x_wconf 75' lang='lat' dir='ltr'>laun</span> <span class='ocrx_word' id='word_1_84' title='bbox 699 1930 805 1994; x_wconf 70' lang='lat' dir='ltr'>Ama.</span> 
     </span>
    </p>
   </div>
   <div class='ocr_carea' id='block_1_9' title="bbox 107 2061 1308 2646">
    <p class='ocr_par' dir='ltr' id='par_1_9' title="bbox 107 2061 1308 2646">
     <span class='ocr_line' id='line_1_16' title="bbox 153 2061 1306 2143; baseline -0.003 -17"><span class='ocrx_word' id='word_1_85' title='bbox 153 2063 245 2126; x_wconf 92' lang='lat' dir='ltr'>Deus</span> <span class='ocrx_word' id='word_1_86' title='bbox 260 2063 312 2124; x_wconf 90' lang='lat' dir='ltr'>cui</span> <span class='ocrx_word' id='word_1_87' title='bbox 329 2069 466 2143; x_wconf 91' lang='lat' dir='ltr'>accepta</span> <span class='ocrx_word' id='word_1_88' title='bbox 489 2072 565 2123; x_wconf 91' lang='lat' dir='ltr'>sunt</span> <span class='ocrx_word' id='word_1_89' title='bbox 589 2070 668 2123; x_wconf 90' lang='lat' dir='ltr'>uota</span> <span class='ocrx_word' id='word_1_90' title='bbox 692 2061 743 2123; x_wconf 92' lang='lat' dir='ltr'>cui</span> <span class='ocrx_word' id='word_1_91' title='bbox 770 2080 906 2122; x_wconf 90' lang='lat' dir='ltr'>munera</span> <span class='ocrx_word' id='word_1_92' title='bbox 923 2069 956 2122; x_wconf 91' lang='lat' dir='ltr'>te</span> <span class='ocrx_word' id='word_1_93' title='bbox 971 2080 1158 2123; x_wconf 88' lang='lat' dir='ltr'>exoramus.</span> <span class='ocrx_word' id='word_1_94' title='bbox 1176 2071 1212 2124; x_wconf 92' lang='lat' dir='ltr'>ut</span> <span class='ocrx_word' id='word_1_95' title='bbox 1229 2073 1306 2124; x_wconf 88' lang='lat' dir='ltr'>uota</span> 
     </span>
     <span class='ocr_line' id='line_1_17' title="bbox 107 2147 1306 2229; baseline -0.003 -16"><span class='ocrx_word' id='word_1_96' title='bbox 107 2151 193 2213; x_wconf 90' lang='lat' dir='ltr'>serui</span> <span class='ocrx_word' id='word_1_97' title='bbox 216 2150 273 2213; x_wconf 90' lang='lat' dir='ltr'>tui.</span> <span class='ocrx_word' id='word_1_98' title='bbox 299 2150 339 2212; x_wconf 90' lang='lat' dir='ltr'>N.</span> <span class='ocrx_word' id='word_1_99' title='bbox 363 2149 540 2229; x_wconf 88' lang='lat' dir='ltr'>dignanter</span> <span class='ocrx_word' id='word_1_100' title='bbox 563 2148 713 2229; x_wconf 88' lang='lat' dir='ltr'>accipias.</span> <span class='ocrx_word' id='word_1_101' title='bbox 737 2147 843 2209; x_wconf 92' lang='lat' dir='ltr'>tribue</span> <span class='ocrx_word' id='word_1_102' title='bbox 867 2148 894 2208; x_wconf 92' lang='lat' dir='ltr'>ei</span> <span class='ocrx_word' id='word_1_103' title='bbox 919 2147 1053 2209; x_wconf 89' lang='lat' dir='ltr'>diuitias</span> <span class='ocrx_word' id='word_1_104' title='bbox 1073 2149 1198 2229; x_wconf 87' lang='lat' dir='ltr'>gratiae</span> <span class='ocrx_word' id='word_1_105' title='bbox 1221 2157 1306 2210; x_wconf 81' lang='lat' dir='ltr'>tuae.</span> 
     </span>
     <span class='ocr_line' id='line_1_18' title="bbox 107 2232 1307 2317; baseline -0.003 -17"><span class='ocrx_word' id='word_1_106' title='bbox 107 2247 142 2301; x_wconf 90' lang='lat' dir='ltr'>et</span> <span class='ocrx_word' id='word_1_107' title='bbox 158 2236 201 2299; x_wconf 92' lang='lat' dir='ltr'>ab</span> <span class='ocrx_word' id='word_1_108' title='bbox 215 2235 370 2299; x_wconf 92' lang='lat' dir='ltr'>omnibus</span> <span class='ocrx_word' id='word_1_109' title='bbox 386 2235 538 2317; x_wconf 91' lang='lat' dir='ltr'>periculis</span> <span class='ocrx_word' id='word_1_110' title='bbox 553 2253 628 2296; x_wconf 87' lang='lat' dir='ltr'>eum</span> <span class='ocrx_word' id='word_1_111' title='bbox 657 2233 785 2296; x_wconf 90' lang='lat' dir='ltr'>liberari</span> <span class='ocrx_word' id='word_1_112' title='bbox 811 2232 923 2296; x_wconf 90' lang='lat' dir='ltr'>iubeas</span> <span class='ocrx_word' id='word_1_113' title='bbox 949 2235 1069 2296; x_wconf 92' lang='lat' dir='ltr'>tuearis</span> <span class='ocrx_word' id='word_1_114' title='bbox 1086 2255 1123 2298; x_wconf 94' lang='lat' dir='ltr'>ac</span> <span class='ocrx_word' id='word_1_115' title='bbox 1140 2235 1307 2298; x_wconf 81' lang='lat' dir='ltr'>defendas.</span> 
     </span>
     <span class='ocr_line' id='line_1_19' title="bbox 109 2320 1308 2406; baseline -0.004 -19"><span class='ocrx_word' id='word_1_116' title='bbox 109 2333 265 2406; x_wconf 86' lang='lat' dir='ltr'>protegas</span> <span class='ocrx_word' id='word_1_117' title='bbox 281 2333 314 2385; x_wconf 91' lang='lat' dir='ltr'>et</span> <span class='ocrx_word' id='word_1_118' title='bbox 330 2322 504 2385; x_wconf 84' lang='lat' dir='ltr'>consortes.</span> <span class='ocrx_word' id='word_1_119' title='bbox 521 2320 638 2382; x_wconf 91' lang='lat' dir='ltr'>diebus</span> <span class='ocrx_word' id='word_1_120' title='bbox 661 2340 700 2382; x_wconf 91' lang='lat' dir='ltr'>ac</span> <span class='ocrx_word' id='word_1_121' title='bbox 725 2320 885 2383; x_wconf 89' lang='lat' dir='ltr'>noctibus.</span> <span class='ocrx_word' id='word_1_122' title='bbox 902 2320 990 2382; x_wconf 91' lang='lat' dir='ltr'>horis</span> <span class='ocrx_word' id='word_1_123' title='bbox 1014 2331 1112 2403; x_wconf 92' lang='lat' dir='ltr'>atque</span> <span class='ocrx_word' id='word_1_124' title='bbox 1130 2324 1308 2384; x_wconf 87' lang='lat' dir='ltr'>momentis</span> 
     </span>
     <span class='ocr_line' id='line_1_20' title="bbox 109 2406 1308 2491; baseline -0.003 -18"><span class='ocrx_word' id='word_1_125' title='bbox 109 2412 154 2473; x_wconf 89' lang='lat' dir='ltr'>da</span> <span class='ocrx_word' id='word_1_126' title='bbox 168 2411 198 2473; x_wconf 91' lang='lat' dir='ltr'>ei</span> <span class='ocrx_word' id='word_1_127' title='bbox 214 2410 375 2472; x_wconf 88' lang='lat' dir='ltr'>auxilium</span> <span class='ocrx_word' id='word_1_128' title='bbox 402 2418 502 2489; x_wconf 92' lang='lat' dir='ltr'>atque</span> <span class='ocrx_word' id='word_1_129' title='bbox 529 2406 736 2491; x_wconf 90' lang='lat' dir='ltr'>praesidium.</span> <span class='ocrx_word' id='word_1_130' title='bbox 763 2408 859 2469; x_wconf 90' lang='lat' dir='ltr'>iuxta</span> <span class='ocrx_word' id='word_1_131' title='bbox 885 2408 1112 2489; x_wconf 90' lang='lat' dir='ltr'>euangelicam</span> <span class='ocrx_word' id='word_1_132' title='bbox 1130 2429 1254 2471; x_wconf 92' lang='lat' dir='ltr'>uocem.</span> <span class='ocrx_word' id='word_1_133' title='bbox 1271 2420 1308 2470; x_wconf 94' lang='lat' dir='ltr'>ut</span> 
     </span>
     <span class='ocr_line' id='line_1_21' title="bbox 110 2494 1307 2579; baseline -0.004 -18"><span class='ocrx_word' id='word_1_134' title='bbox 110 2498 198 2579; x_wconf 91' lang='lat' dir='ltr'>quod</span> <span class='ocrx_word' id='word_1_135' title='bbox 216 2497 300 2579; x_wconf 89' lang='lat' dir='ltr'>petit</span> <span class='ocrx_word' id='word_1_136' title='bbox 330 2496 486 2558; x_wconf 90' lang='lat' dir='ltr'>obtineat.</span> <span class='ocrx_word' id='word_1_137' title='bbox 504 2505 537 2557; x_wconf 91' lang='lat' dir='ltr'>et</span> <span class='ocrx_word' id='word_1_138' title='bbox 567 2494 657 2576; x_wconf 92' lang='lat' dir='ltr'>quod</span> <span class='ocrx_word' id='word_1_139' title='bbox 685 2496 840 2575; x_wconf 91' lang='lat' dir='ltr'>impetrat</span> <span class='ocrx_word' id='word_1_140' title='bbox 868 2504 1035 2574; x_wconf 89' lang='lat' dir='ltr'>agnoscat.</span> <span class='ocrx_word' id='word_1_141' title='bbox 1052 2515 1111 2574; x_wconf 89' lang='lat' dir='ltr'>per</span> <span class='ocrx_word' id='word_1_142' title='bbox 1134 2496 1307 2557; x_wconf 91' lang='lat' dir='ltr'>dominum</span> 
     </span>
     <span class='ocr_line' id='line_1_22' title="bbox 109 2593 267 2646; baseline -0.013 0"><span class='ocrx_word' id='word_1_143' title='bbox 109 2593 267 2646; x_wconf 91' lang='lat' dir='ltr'>nostrum.</span> 
     </span>
    </p>
   </div>
   <div class='ocr_carea' id='block_1_10' title="bbox 642 2703 779 2765">
    <p class='ocr_par' dir='ltr' id='par_1_10' title="bbox 642 2703 779 2765">
     <span class='ocr_line' id='line_1_23' title="bbox 642 2703 779 2765; baseline -0.007 0"><span class='ocrx_word' id='word_1_144' title='bbox 642 2703 779 2765; x_wconf 77' lang='lat' dir='ltr'>Secreta.</span> 
     </span>
    </p>
   </div>
   <div class='ocr_carea' id='block_1_11' title="bbox 111 2813 1312 3332">
    <p class='ocr_par' dir='ltr' id='par_1_11' title="bbox 111 2813 1312 3332">
     <span class='ocr_line' id='line_1_24' title="bbox 154 2813 1310 2898; baseline 0.002 -22"><span class='ocrx_word' id='word_1_145' title='bbox 154 2813 316 2898; x_wconf 61' lang='lat' dir='ltr'>[Domine</span> <span class='ocrx_word' id='word_1_146' title='bbox 347 2814 402 2895; x_wconf 91' lang='lat' dir='ltr'>qui</span> <span class='ocrx_word' id='word_1_147' title='bbox 433 2835 492 2896; x_wconf 87' lang='lat' dir='ltr'>per</span> <span class='ocrx_word' id='word_1_148' title='bbox 521 2835 558 2876; x_wconf 94' lang='lat' dir='ltr'>os</span> <span class='ocrx_word' id='word_1_149' title='bbox 589 2813 689 2876; x_wconf 91' lang='lat' dir='ltr'>dauid</span> <span class='ocrx_word' id='word_1_150' title='bbox 722 2813 851 2876; x_wconf 89' lang='lat' dir='ltr'>locutus</span> <span class='ocrx_word' id='word_1_151' title='bbox 881 2834 923 2875; x_wconf 90' lang='lat' dir='ltr'>es.</span> <span class='ocrx_word' id='word_1_152' title='bbox 952 2824 1072 2877; x_wconf 90' lang='lat' dir='ltr'>uouete</span> <span class='ocrx_word' id='word_1_153' title='bbox 1102 2825 1135 2877; x_wconf 90' lang='lat' dir='ltr'>et</span> <span class='ocrx_word' id='word_1_154' title='bbox 1166 2815 1221 2896; x_wconf 90' lang='lat' dir='ltr'>[so.</span> <span class='ocrx_word' id='word_1_155' title='bbox 1243 2818 1310 2895; x_wconf 85' lang='lat'>185.</span> 
     </span>
     <span class='ocr_line' id='line_1_25' title="bbox 112 2900 1309 2982; baseline 0.001 -18"><span class='ocrx_word' id='word_1_156' title='bbox 112 2901 240 2964; x_wconf 87' lang='lat' dir='ltr'>reddite</span> <span class='ocrx_word' id='word_1_157' title='bbox 254 2901 392 2964; x_wconf 93' lang='lat' dir='ltr'>domino</span> <span class='ocrx_word' id='word_1_158' title='bbox 414 2902 479 2964; x_wconf 92' lang='lat' dir='ltr'>deo</span> <span class='ocrx_word' id='word_1_159' title='bbox 502 2910 620 2963; x_wconf 88' lang='lat' dir='ltr'>uestro.</span> <span class='ocrx_word' id='word_1_160' title='bbox 638 2911 670 2963; x_wconf 92' lang='lat' dir='ltr'>te</span> <span class='ocrx_word' id='word_1_161' title='bbox 687 2900 879 2982; x_wconf 86' lang='lat' dir='ltr'>suppliciter</span> <span class='ocrx_word' id='word_1_162' title='bbox 894 2921 1079 2963; x_wconf 90' lang='lat' dir='ltr'>exoramus.</span> <span class='ocrx_word' id='word_1_163' title='bbox 1098 2912 1133 2964; x_wconf 91' lang='lat' dir='ltr'>ut</span> <span class='ocrx_word' id='word_1_164' title='bbox 1150 2902 1309 2965; x_wconf 82' lang='lat' dir='ltr'>famulum</span> 
     </span>
     <span class='ocr_line' id='line_1_26' title="bbox 111 2987 1310 3069; baseline -0.001 -17"><span class='ocrx_word' id='word_1_165' title='bbox 111 2999 206 3052; x_wconf 92' lang='lat' dir='ltr'>tuum</span> <span class='ocrx_word' id='word_1_166' title='bbox 219 2987 264 3050; x_wconf 86' lang='lat' dir='ltr'>ill.</span> <span class='ocrx_word' id='word_1_167' title='bbox 278 2988 470 3069; x_wconf 88' lang='lat' dir='ltr'>uigilantem</span> <span class='ocrx_word' id='word_1_168' title='bbox 485 2988 660 3051; x_wconf 90' lang='lat' dir='ltr'>custodias.</span> <span class='ocrx_word' id='word_1_169' title='bbox 674 2988 895 3050; x_wconf 88' lang='lat' dir='ltr'>dormientem</span> <span class='ocrx_word' id='word_1_170' title='bbox 912 3007 1094 3050; x_wconf 88' lang='lat' dir='ltr'>conserues.</span> <span class='ocrx_word' id='word_1_171' title='bbox 1107 2989 1310 3052; x_wconf 89' lang='lat' dir='ltr'>oblationem</span> 
     </span>
     <span class='ocr_line' id='line_1_27' title="bbox 112 3074 1312 3159; baseline -0.001 -21"><span class='ocrx_word' id='word_1_172' title='bbox 112 3095 213 3159; x_wconf 90' lang='lat' dir='ltr'>quam</span> <span class='ocrx_word' id='word_1_173' title='bbox 241 3074 301 3138; x_wconf 91' lang='lat' dir='ltr'>tibi</span> <span class='ocrx_word' id='word_1_174' title='bbox 332 3095 392 3157; x_wconf 93' lang='lat' dir='ltr'>pro</span> <span class='ocrx_word' id='word_1_175' title='bbox 416 3095 456 3137; x_wconf 93' lang='lat' dir='ltr'>eo</span> <span class='ocrx_word' id='word_1_176' title='bbox 479 3074 646 3137; x_wconf 84' lang='lat' dir='ltr'>offerimus</span> <span class='ocrx_word' id='word_1_177' title='bbox 677 3075 856 3137; x_wconf 88' lang='lat' dir='ltr'>clementer</span> <span class='ocrx_word' id='word_1_178' title='bbox 886 3075 1036 3156; x_wconf 90' lang='lat' dir='ltr'>accipias.</span> <span class='ocrx_word' id='word_1_179' title='bbox 1064 3077 1226 3139; x_wconf 89' lang='lat' dir='ltr'>accendas</span> <span class='ocrx_word' id='word_1_180' title='bbox 1256 3096 1312 3138; x_wconf 92' lang='lat' dir='ltr'>cor</span> 
     </span>
     <span class='ocr_line' id='line_1_28' title="bbox 112 3161 1312 3244; baseline 0.001 -20"><span class='ocrx_word' id='word_1_181' title='bbox 112 3161 226 3225; x_wconf 79' lang='lat' dir='ltr'>famuli</span> <span class='ocrx_word' id='word_1_182' title='bbox 257 3162 314 3225; x_wconf 90' lang='lat' dir='ltr'>tui.</span> <span class='ocrx_word' id='word_1_183' title='bbox 351 3163 391 3224; x_wconf 90' lang='lat' dir='ltr'>N.</span> <span class='ocrx_word' id='word_1_184' title='bbox 426 3163 502 3244; x_wconf 87' lang='lat' dir='ltr'>igne</span> <span class='ocrx_word' id='word_1_185' title='bbox 533 3163 654 3223; x_wconf 91' lang='lat' dir='ltr'>amoris</span> <span class='ocrx_word' id='word_1_186' title='bbox 686 3182 723 3224; x_wconf 93' lang='lat' dir='ltr'>ac</span> <span class='ocrx_word' id='word_1_187' title='bbox 755 3161 890 3224; x_wconf 92' lang='lat' dir='ltr'>timoris.</span> <span class='ocrx_word' id='word_1_188' title='bbox 922 3161 973 3223; x_wconf 91' lang='lat' dir='ltr'>uel</span> <span class='ocrx_word' id='word_1_189' title='bbox 1005 3161 1156 3225; x_wconf 89' lang='lat' dir='ltr'>desiderii</span> <span class='ocrx_word' id='word_1_190' title='bbox 1188 3164 1244 3226; x_wconf 89' lang='lat' dir='ltr'>tui.</span> <span class='ocrx_word' id='word_1_191' title='bbox 1276 3174 1312 3225; x_wconf 92' lang='lat' dir='ltr'>ut</span> 
     </span>
     <span class='ocr_line' id='line_1_29' title="bbox 112 3248 795 3332; baseline -0.003 -20"><span class='ocrx_word' id='word_1_192' title='bbox 112 3248 371 3332; x_wconf 90' lang='lat' dir='ltr'>patriarcharum</span> <span class='ocrx_word' id='word_1_193' title='bbox 388 3250 544 3330; x_wconf 89' lang='lat' dir='ltr'>exempla</span> <span class='ocrx_word' id='word_1_194' title='bbox 560 3249 713 3311; x_wconf 88' lang='lat' dir='ltr'>imitetur.</span> <span class='ocrx_word' id='word_1_195' title='bbox 730 3269 795 3330; x_wconf 90' lang='lat' dir='ltr'>per.</span> 
     </span>
    </p>
   </div>
   <div class='ocr_carea' id='block_1_12' title="bbox 566 3383 864 3465">
    <p class='ocr_par' dir='ltr' id='par_1_12' title="bbox 566 3383 864 3465">
     <span class='ocr_line' id='line_1_30' title="bbox 566 3383 864 3465; baseline 0.007 -20"><span class='ocrx_word' id='word_1_196' title='bbox 566 3383 630 3446; x_wconf 77' lang='lat' dir='ltr'>Ad</span> <span class='ocrx_word' id='word_1_197' title='bbox 640 3384 864 3465; x_wconf 79' lang='lat' dir='ltr'>corrrplendum.</span> 
     </span>
    </p>
   </div>
   <div class='ocr_carea' id='block_1_13' title="bbox 113 3495 1314 3841">
    <p class='ocr_par' dir='ltr' id='par_1_13' title="bbox 113 3495 1314 3841">
     <span class='ocr_line' id='line_1_31' title="bbox 158 3495 1311 3578; baseline 0.003 -19"><span class='ocrx_word' id='word_1_198' title='bbox 158 3496 250 3559; x_wconf 91' lang='lat' dir='ltr'>Deus</span> <span class='ocrx_word' id='word_1_199' title='bbox 281 3498 336 3578; x_wconf 92' lang='lat' dir='ltr'>qui</span> <span class='ocrx_word' id='word_1_200' title='bbox 365 3518 399 3559; x_wconf 92' lang='lat' dir='ltr'>es</span> <span class='ocrx_word' id='word_1_201' title='bbox 428 3497 557 3560; x_wconf 88' lang='lat' dir='ltr'>initium</span> <span class='ocrx_word' id='word_1_202' title='bbox 587 3505 620 3559; x_wconf 93' lang='lat' dir='ltr'>et</span> <span class='ocrx_word' id='word_1_203' title='bbox 652 3495 732 3558; x_wconf 81' lang='lat' dir='ltr'>finis.</span> <span class='ocrx_word' id='word_1_204' title='bbox 759 3499 903 3560; x_wconf 89' lang='lat' dir='ltr'>concede</span> <span class='ocrx_word' id='word_1_205' title='bbox 934 3500 1190 3562; x_wconf 90' lang='lat' dir='ltr'>misericordiam</span> <span class='ocrx_word' id='word_1_206' title='bbox 1219 3510 1311 3562; x_wconf 90' lang='lat' dir='ltr'>tuam</span> 
     </span>
     <span class='ocr_line' id='line_1_32' title="bbox 114 3583 1312 3669; baseline 0 -22"><span class='ocrx_word' id='word_1_207' title='bbox 114 3583 239 3647; x_wconf 89' lang='lat' dir='ltr'>famulo</span> <span class='ocrx_word' id='word_1_208' title='bbox 254 3593 320 3647; x_wconf 88' lang='lat' dir='ltr'>tu0.</span> <span class='ocrx_word' id='word_1_209' title='bbox 338 3585 382 3646; x_wconf 81' lang='lat' dir='ltr'>ill.</span> <span class='ocrx_word' id='word_1_210' title='bbox 401 3593 436 3646; x_wconf 92' lang='lat' dir='ltr'>ut</span> <span class='ocrx_word' id='word_1_211' title='bbox 451 3583 513 3646; x_wconf 91' lang='lat' dir='ltr'>sub</span> <span class='ocrx_word' id='word_1_212' title='bbox 528 3604 592 3665; x_wconf 91' lang='lat' dir='ltr'>ope</span> <span class='ocrx_word' id='word_1_213' title='bbox 615 3584 773 3645; x_wconf 88' lang='lat' dir='ltr'>dexterae</span> <span class='ocrx_word' id='word_1_214' title='bbox 800 3596 877 3647; x_wconf 89' lang='lat' dir='ltr'>tuae</span> <span class='ocrx_word' id='word_1_215' title='bbox 904 3606 980 3647; x_wconf 91' lang='lat' dir='ltr'>eum</span> <span class='ocrx_word' id='word_1_216' title='bbox 1006 3585 1127 3668; x_wconf 89' lang='lat' dir='ltr'>ubique</span> <span class='ocrx_word' id='word_1_217' title='bbox 1149 3596 1312 3669; x_wconf 86' lang='lat' dir='ltr'>protegas.</span> 
     </span>
     <span class='ocr_line' id='line_1_33' title="bbox 113 3670 1312 3754; baseline -0.001 -20"><span class='ocrx_word' id='word_1_218' title='bbox 113 3681 148 3735; x_wconf 93' lang='lat' dir='ltr'>et</span> <span class='ocrx_word' id='word_1_219' title='bbox 165 3672 260 3734; x_wconf 91' lang='lat' dir='ltr'>mitte</span> <span class='ocrx_word' id='word_1_220' title='bbox 275 3671 304 3732; x_wconf 91' lang='lat' dir='ltr'>ei</span> <span class='ocrx_word' id='word_1_221' title='bbox 321 3671 481 3733; x_wconf 88' lang='lat' dir='ltr'>auxilium</span> <span class='ocrx_word' id='word_1_222' title='bbox 499 3670 541 3733; x_wconf 87' lang='lat' dir='ltr'>de</span> <span class='ocrx_word' id='word_1_223' title='bbox 557 3680 673 3732; x_wconf 89' lang='lat' dir='ltr'>sancto</span> <span class='ocrx_word' id='word_1_224' title='bbox 696 3680 728 3732; x_wconf 90' lang='lat' dir='ltr'>et</span> <span class='ocrx_word' id='word_1_225' title='bbox 752 3672 794 3733; x_wconf 90' lang='lat' dir='ltr'>de</span> <span class='ocrx_word' id='word_1_226' title='bbox 816 3673 887 3733; x_wconf 87' lang='lat' dir='ltr'>sion</span> <span class='ocrx_word' id='word_1_227' title='bbox 909 3682 1001 3734; x_wconf 91' lang='lat' dir='ltr'>tuere</span> <span class='ocrx_word' id='word_1_228' title='bbox 1017 3693 1101 3735; x_wconf 92' lang='lat' dir='ltr'>eum.</span> <span class='ocrx_word' id='word_1_229' title='bbox 1119 3683 1150 3735; x_wconf 90' lang='lat' dir='ltr'>et</span> <span class='ocrx_word' id='word_1_230' title='bbox 1167 3693 1252 3754; x_wconf 88' lang='lat' dir='ltr'>auge</span> <span class='ocrx_word' id='word_1_231' title='bbox 1268 3673 1312 3734; x_wconf 91' lang='lat' dir='ltr'>illi</span> 
     </span>
     <span class='ocr_line' id='line_1_34' title="bbox 114 3757 1314 3841; baseline -0.001 -20"><span class='ocrx_word' id='word_1_232' title='bbox 114 3757 279 3821; x_wconf 89' lang='lat' dir='ltr'>felicitatis</span> <span class='ocrx_word' id='word_1_233' title='bbox 304 3767 462 3840; x_wconf 91' lang='lat' dir='ltr'>tempora.</span> <span class='ocrx_word' id='word_1_234' title='bbox 487 3759 531 3820; x_wconf 92' lang='lat' dir='ltr'>da</span> <span class='ocrx_word' id='word_1_235' title='bbox 558 3758 586 3819; x_wconf 87' lang='lat' dir='ltr'>ei</span> <span class='ocrx_word' id='word_1_236' title='bbox 613 3758 716 3819; x_wconf 93' lang='lat' dir='ltr'>uitam</span> <span class='ocrx_word' id='word_1_237' title='bbox 743 3757 927 3841; x_wconf 89' lang='lat' dir='ltr'>longeuam.</span> <span class='ocrx_word' id='word_1_238' title='bbox 953 3760 1009 3841; x_wconf 92' lang='lat' dir='ltr'>qui</span> <span class='ocrx_word' id='word_1_239' title='bbox 1034 3760 1185 3822; x_wconf 87' lang='lat' dir='ltr'>ezechiae</span> <span class='ocrx_word' id='word_1_240' title='bbox 1209 3780 1314 3821; x_wconf 89' lang='lat' dir='ltr'>annos</span> 
     </span>
    </p>
   </div>
   <div class='ocr_carea' id='block_1_14' title="bbox 114 3844 1312 4015">
    <p class='ocr_par' dir='ltr' id='par_1_14' title="bbox 114 3844 1312 4015">
     <span class='ocr_line' id='line_1_35' title="bbox 114 3844 1312 3929; baseline 0.002 -22"><span class='ocrx_word' id='word_1_241' title='bbox 114 3845 246 3908; x_wconf 86' lang='lat' dir='ltr'>auxisti.</span> <span class='ocrx_word' id='word_1_242' title='bbox 262 3854 296 3908; x_wconf 93' lang='lat' dir='ltr'>et</span> <span class='ocrx_word' id='word_1_243' title='bbox 311 3844 418 3907; x_wconf 92' lang='lat' dir='ltr'>tribue</span> <span class='ocrx_word' id='word_1_244' title='bbox 434 3844 463 3905; x_wconf 87' lang='lat' dir='ltr'>ei</span> <span class='ocrx_word' id='word_1_245' title='bbox 480 3845 616 3907; x_wconf 88' lang='lat' dir='ltr'>domine</span> <span class='ocrx_word' id='word_1_246' title='bbox 642 3844 784 3925; x_wconf 88' lang='lat' dir='ltr'>gratiam</span> <span class='ocrx_word' id='word_1_247' title='bbox 812 3855 904 3909; x_wconf 91' lang='lat' dir='ltr'>tuam</span> <span class='ocrx_word' id='word_1_248' title='bbox 922 3857 955 3909; x_wconf 90' lang='lat' dir='ltr'>et</span> <span class='ocrx_word' id='word_1_249' title='bbox 972 3846 1045 3909; x_wconf 90' lang='lat' dir='ltr'>dele</span> <span class='ocrx_word' id='word_1_250' title='bbox 1068 3847 1312 3929; x_wconf 84' lang='lat' dir='ltr'>cyrographum</span> 
     </span>
     <span class='ocr_line' id='line_1_36' title="bbox 114 3931 756 4015; baseline -0.002 -20"><span class='ocrx_word' id='word_1_251' title='bbox 114 3941 324 4015; x_wconf 89' lang='lat' dir='ltr'>peccatorum</span> <span class='ocrx_word' id='word_1_252' title='bbox 342 3951 484 3994; x_wconf 91' lang='lat' dir='ltr'>suorum.</span> <span class='ocrx_word' id='word_1_253' title='bbox 501 3950 559 4013; x_wconf 92' lang='lat' dir='ltr'>per</span> <span class='ocrx_word' id='word_1_254' title='bbox 574 3931 756 3994; x_wconf 90' lang='lat' dir='ltr'>dominum.</span> 
     </span>
    </p>
   </div>
   <div class='ocr_carea' id='block_1_15' title="bbox 405 4115 1027 4182">
    <p class='ocr_par' dir='ltr' id='par_1_15' title="bbox 405 4115 1027 4182">
     <span class='ocr_line' id='line_1_37' title="bbox 405 4115 1027 4182; baseline 0.002 -2"><span class='ocrx_word' id='word_1_255' title='bbox 405 4118 522 4181; x_wconf 77' lang='lat' dir='ltr'>Mrssn</span> <span class='ocrx_word' id='word_1_256' title='bbox 547 4130 617 4180; x_wconf 77' lang='lat' dir='ltr'>nno</span> <span class='ocrx_word' id='word_1_257' title='bbox 641 4115 769 4181; x_wconf 79' lang='lat' dir='ltr'>Aureo</span> <span class='ocrx_word' id='word_1_258' title='bbox 795 4132 868 4182; x_wconf 76' lang='lat' dir='ltr'>usu</span> <span class='ocrx_word' id='word_1_259' title='bbox 892 4118 1027 4181; x_wconf 73' lang='lat' dir='ltr'>Aurea.</span> 
     </span>
    </p>
   </div>
   <div class='ocr_carea' id='block_1_16' title="bbox 115 4244 1316 4415">
    <p class='ocr_par' dir='ltr' id='par_1_16' title="bbox 115 4244 1316 4415">
     <span class='ocr_line' id='line_1_38' title="bbox 160 4244 1316 4329; baseline 0.002 -20"><span class='ocrx_word' id='word_1_260' title='bbox 160 4244 382 4329; x_wconf 90' lang='lat' dir='ltr'>Omnipotens</span> <span class='ocrx_word' id='word_1_261' title='bbox 409 4248 609 4328; x_wconf 88' lang='lat' dir='ltr'>sempiterne</span> <span class='ocrx_word' id='word_1_262' title='bbox 636 4247 718 4310; x_wconf 90' lang='lat' dir='ltr'>deus</span> <span class='ocrx_word' id='word_1_263' title='bbox 746 4249 899 4310; x_wconf 90' lang='lat' dir='ltr'>miserere</span> <span class='ocrx_word' id='word_1_264' title='bbox 924 4247 1067 4310; x_wconf 81' lang='lat' dir='ltr'>famulae</span> <span class='ocrx_word' id='word_1_265' title='bbox 1094 4257 1178 4310; x_wconf 92' lang='lat' dir='ltr'>tuae.</span> <span class='ocrx_word' id='word_1_266' title='bbox 1211 4249 1251 4311; x_wconf 92' lang='lat' dir='ltr'>N.</span> <span class='ocrx_word' id='word_1_267' title='bbox 1283 4259 1316 4311; x_wconf 91' lang='lat' dir='ltr'>et</span> 
     </span>
     <span class='ocr_line' id='line_1_39' title="bbox 115 4332 1316 4415; baseline 0.003 -21"><span class='ocrx_word' id='word_1_268' title='bbox 115 4332 221 4415; x_wconf 87' lang='lat' dir='ltr'>dirige</span> <span class='ocrx_word' id='word_1_269' title='bbox 234 4353 309 4397; x_wconf 89' lang='lat' dir='ltr'>earn</span> <span class='ocrx_word' id='word_1_270' title='bbox 325 4333 507 4397; x_wconf 90' lang='lat' dir='ltr'>secundum</span> <span class='ocrx_word' id='word_1_271' title='bbox 531 4343 624 4397; x_wconf 93' lang='lat' dir='ltr'>tuam</span> <span class='ocrx_word' id='word_1_272' title='bbox 640 4333 852 4398; x_wconf 90' lang='lat' dir='ltr'>clementiam</span> <span class='ocrx_word' id='word_1_273' title='bbox 869 4335 902 4397; x_wconf 86' lang='lat' dir='ltr'>in</span> <span class='ocrx_word' id='word_1_274' title='bbox 919 4334 1007 4397; x_wconf 92' lang='lat' dir='ltr'>uiam</span> <span class='ocrx_word' id='word_1_275' title='bbox 1023 4333 1139 4397; x_wconf 90' lang='lat' dir='ltr'>salutis</span> <span class='ocrx_word' id='word_1_276' title='bbox 1154 4344 1316 4398; x_wconf 90' lang='lat' dir='ltr'>aeternae.</span> 
     </span>
    </p>
   </div>
   <div class='ocr_carea' id='block_1_17' title="bbox 116 4446 1316 4571">
    <p class='ocr_par' dir='ltr' id='par_1_17' title="bbox 116 4446 1316 4571">
     <span class='ocr_line' id='line_1_40' title="bbox 151 4446 1316 4519; baseline 0.003 -17"><span class='ocrx_word' id='word_1_277' title='bbox 151 4446 159 4479; x_wconf 88' lang='lat'><strong>¹</strong></span> <span class='ocrx_word' id='word_1_278' title='bbox 174 4450 257 4503; x_wconf 83' lang='lat' dir='ltr'>There</span> <span class='ocrx_word' id='word_1_279' title='bbox 266 4452 290 4503; x_wconf 80' lang='lat' dir='ltr'>is</span> <span class='ocrx_word' id='word_1_280' title='bbox 299 4468 332 4503; x_wconf 77' lang='lat' dir='ltr'>an</span> <span class='ocrx_word' id='word_1_281' title='bbox 343 4468 442 4505; x_wconf 72' lang='lat' dir='ltr'>erasure</span> <span class='ocrx_word' id='word_1_282' title='bbox 453 4452 483 4501; x_wconf 80' lang='lat' dir='ltr'>ol</span> <span class='ocrx_word' id='word_1_283' title='bbox 490 4468 505 4502; x_wconf 82' lang='lat' dir='ltr'>a</span> <span class='ocrx_word' id='word_1_284' title='bbox 516 4452 564 4502; x_wconf 81' lang='lat' dir='ltr'>few</span> <span class='ocrx_word' id='word_1_285' title='bbox 575 4454 661 4503; x_wconf 83' lang='lat' dir='ltr'>letters</span> <span class='ocrx_word' id='word_1_286' title='bbox 672 4454 698 4502; x_wconf 89' lang='lat' dir='ltr'>in</span> <span class='ocrx_word' id='word_1_287' title='bbox 709 4452 753 4503; x_wconf 88' lang='lat' dir='ltr'>the</span> <span class='ocrx_word' id='word_1_288' title='bbox 765 4454 793 4503; x_wconf 78' lang='lat' dir='ltr'>M</span> <span class='ocrx_word' id='word_1_289' title='bbox 796 4453 822 4504; x_wconf 91' lang='lat' dir='ltr'>S.</span> <span class='ocrx_word' id='word_1_290' title='bbox 832 4464 857 4503; x_wconf 84' lang='lat' dir='ltr'>ar</span> <span class='ocrx_word' id='word_1_291' title='bbox 871 4453 920 4503; x_wconf 77' lang='lat' dir='ltr'>this</span> <span class='ocrx_word' id='word_1_292' title='bbox 928 4452 1007 4519; x_wconf 89' lang='lat' dir='ltr'>point.</span> <span class='ocrx_word' id='word_1_293' title='bbox 1044 4453 1168 4519; x_wconf 81' lang='lat' dir='ltr'>Probably</span> <span class='ocrx_word' id='word_1_294' title='bbox 1180 4454 1223 4505; x_wconf 87' lang='lat' dir='ltr'>the</span> <span class='ocrx_word' id='word_1_295' title='bbox 1233 4454 1316 4505; x_wconf 78' lang='lat' dir='ltr'>words</span> 
     </span>
     <span class='ocr_line' id='line_1_41' title="bbox 116 4516 425 4571; baseline -0.006 -2"><span class='ocrx_word' id='word_1_296' title='bbox 116 4516 207 4569; x_wconf 55' lang='lat' dir='ltr'>would</span> <span class='ocrx_word' id='word_1_297' title='bbox 217 4518 250 4571; x_wconf 82' lang='lat' dir='ltr'>be</span> <span class='ocrx_word' id='word_1_298' title='bbox 260 4518 311 4569; x_wconf 72' lang='lat' dir='ltr'>ribi</span> <span class='ocrx_word' id='word_1_299' title='bbox 318 4518 425 4569; x_wconf 75' lang='lat' dir='ltr'>domine.</span> 
     </span>
    </p>
   </div>
   <div class='ocr_carea' id='block_1_18' title="bbox 0 0 1543 5106">
    <p class='ocr_par' dir='ltr' id='par_1_18' title="bbox 0 0 1543 5106">
     <span class='ocr_line' id='line_1_42' title="bbox 0 0 1543 5106; baseline 0 0"><span class='ocrx_word' id='word_1_300' title='bbox 0 0 1543 5106; x_wconf 95' lang='lat' dir='ltr'> </span> 
     </span>
    </p>
   </div>
  </div>
 </body>
</html>
