3038 5106
215 343 262 379 120
546 328 650 378 SABB.
671 326 719 377 IN
732 326 798 376 XII.
818 324 1080 376 LECTIONIBUS.

730 505 851 569 Fama
872 503 915 568 V.

262 629 385 691 Annue
408 627 592 690 misericors
617 627 698 688 deus
724 636 760 688 ut
784 627 841 706 qui
873 625 987 688 diuina
1012 634 1190 706 praecepta
1215 623 1377 687 uiolando
1401 645 1422 686 a

217 718 372 798 paradysi
390 714 546 778 felicitate
562 714 756 777 decidimus.
773 714 814 776 ad
838 710 989 786 aeterna†
1004 710 1218 775 beatitudinis
1242 714 1422 775 redeamus

216 823 385 866 accessum
403 823 460 885 per
476 802 661 864 custodiam
678 801 922 862 mandatorum.
939 818 1004 880 per.

750 919 885 983 Secreta.

264 1027 402 1088 Hostias
419 1026 531 1107 populi
549 1024 595 1086 tui
619 1043 799 1105 quesumus
815 1024 950 1084 domine
967 1023 1140 1084 miseratus
1157 1023 1301 1085 intende.
1318 1029 1353 1084 et
1369 1024 1420 1084 tu¹

218 1114 277 1175 tibi
295 1114 485 1176 reddantur.
502 1120 638 1192 accepta
653 1111 872 1172 conscientias
898 1120 1027 1172 nostras
1051 1111 1157 1173 sancti
1180 1110 1315 1192 spiritus
1332 1110 1424 1172 salu·

218 1203 297 1264 taris
314 1200 473 1262 emundet
489 1200 663 1261 aduentus,
680 1218 744 1280 per.

728 1317 908 1396 Praesatzo.

263 1426 312 1487 (D
336 1445 393 1505 per
411 1423 570 1485 christum
596 1421 767 1483 dominum
794 1431 950 1483 nostrum.
1007 1421 1068 1482 Per
1091 1440 1188 1501 quem
1207 1420 1422 1482 maiestatem

217 1520 319 1573 tuam.
354 1511 545 1592 suppliciter
576 1510 727 1589 petimus,
760 1518 795 1571 ut
825 1508 959 1588 spiritus
995 1518 1130 1569 sanctus
1167 1508 1266 1569 corda
1304 1515 1425 1568 nostra

220 1600 399 1661 clementer
414 1606 587 1678 expurget.
609 1604 642 1656 et
669 1596 718 1656 sui
740 1595 872 1656 luminis
896 1595 1114 1656 inradiatione
1137 1594 1321 1676 perlustret.
1371 1593 1424 1656 Ut

221 1687 252 1745 in
278 1706 318 1747 eo
340 1685 396 1765 qui
423 1685 602 1764 gratiarum
631 1680 781 1764 llargitor
805 1691 854 1743 est
882 1691 971 1743 recta
995 1682 1163 1761 sapiamus
1179 1689 1212 1741 et
1235 1680 1277 1742 de
1295 1678 1351 1761 [so
1370 1681 1422 1759 87.

221 1773 290 1833 eius
306 1770 532 1833 consolatione
549 1771 580 1830 in
599 1778 793 1850 perpetuum
818 1769 1031 1849 gaudeamus.
1048 1787 1228 1849 perquem.

664 1888 695 1951 A
700 1887 726 1949 d
736 1887 961 1969 conplendum.

265 1991 374 2055 Sacris
384 1991 582 2054 caelestibus
596 1992 730 2055 domine
746 1992 826 2053 uitia
837 2002 949 2054 nostra
963 2000 1151 2072 purgentur.
1162 1989 1212 2065 et†
1228 1990 1424 2054 muneribus

220 2080 285 2142 tuis
302 2100 431 2161 semper
448 2081 612 2161 possimus
629 2079 745 2159 aptari.
763 2099 820 2161 per
835 2078 1016 2140 dominum.

717 2248 834 2311 Fanni
857 2248 921 2312 VI.

267 2359 320 2421 Da
330 2380 509 2440 quesumus
526 2359 705 2421 aecclesiae
724 2369 802 2422 tuae
819 2361 1002 2421 misericors
1018 2360 1100 2422 deus
1115 2369 1152 2422 ut
1168 2369 1285 2423 sancto
1301 2361 1423 2442 spiritu

221 2457 431 2527 congregata.
448 2446 560 2508 hostili
578 2446 766 2508 nullatenus
783 2448 968 2509 incursione
984 2449 1139 2510 turbetur.
1156 2468 1223 2530 per.

744 2568 884 2630 Secreta.

269 2670 434 2733 Sacrificia
460 2669 594 2730 domine
618 2672 682 2732 tuis
707 2671 819 2732 oblata
835 2671 1074 2752 conspectibus.
1093 2672 1177 2751 ignis
1194 2670 1247 2732 ille
1264 2671 1425 2734 uidimus²

224 2759 385 2819 adsumat.
402 2759 456 2838 qui
474 2756 709 2837 discipulorum
726 2759 837 2819 christi
855 2759 901 2819 tui
918 2779 977 2839 per
992 2760 1141 2840 spiritum
1156 2770 1308 2821 sanctum
1321 2760 1424 2821 corda

223 2845 401 2906 succendit.
419 2865 483 2926 per.

742 2964 923 3043 Praefatio.

270 3069 318 3129 (D
342 3076 474 3128 aeterne
500 3068 589 3130 deus
637 3069 681 3130 Et
710 3069 918 3129 maiestatem
942 3080 1034 3130 tuam
1059 3067 1250 3150 suppliciter
1273 3088 1425 3131 exorare.

226 3165 261 3215 ut
278 3156 411 3235 spiritus
429 3155 618 3235 paraclytus
635 3156 677 3216 ad
695 3176 755 3215 nos
772 3157 891 3217 ueniat.
908 3166 941 3216 et
954 3176 1014 3217 nus
1032 3157 1248 3218 inhabitando
1257 3156 1422 3237 templum

225 3262 304 3302 suae
321 3242 504 3302 maiestatis
521 3241 649 3304 efficiat.
697 3240 794 3319 Quod
821 3262 896 3304 cum
921 3243 1090 3322 unigenito
1107 3242 1174 3303 filio
1191 3252 1248 3304 tuo
1264 3242 1422 3305 clementi

226 3339 375 3408 respectu
393 3348 524 3408 semper
539 3329 683 3408 digneris
710 3330 849 3389 inuisere
870 3340 903 3390 et
931 3341 1007 3391 tuae
1031 3329 1279 3391 inhabitationis
1296 3329 1426 3410 fulgore

227 3416 258 3475 in
277 3424 471 3495 perpetuum
489 3414 694 3496 perlustrare.
713 3435 895 3496 perquem.

671 3551 732 3614 Ad
750 3552 976 3632 rorrtplendum.

271 3656 481 3737 Sumpsimus
497 3657 632 3717 domine
643 3657 725 3718 sacri
742 3657 831 3717 dona
844 3657 1425 3738 mysteriihumiliterdepraecantes

227 3753 262 3805 ut
293 3762 378 3822 quae
410 3744 440 3803 in
469 3744 516 3804 tui
548 3744 901 3804 commemorationem
933 3764 993 3804 nos
1024 3745 1130 3805 lacere
1162 3744 1358 3825 praecepisti
1392 3746 1424 3806 in

227 3842 358 3891 nostrae
375 3829 548 3911 proficiant
566 3829 766 3892 infirmitatis
782 3830 954 3893 auxilium.
971 3851 1030 3911 per
1044 3832 1226 3893 dominum.

508 4013 680 4078 Sannnro
705 4030 745 4079 ru
771 4015 851 4080 XII.
878 4017 1142 4080 Lacrroumus.

269 4134 439 4195 Mentibus
456 4136 574 4196 nostris
591 4137 725 4198 domine
740 4138 892 4219 spiritum
917 4147 1067 4199 sanctum
1093 4137 1255 4218 benignus
1280 4137 1426 4200 infunde.

225 4223 317 4282 cuius
342 4231 375 4283 et
400 4222 563 4302 sapientia
592 4224 718 4285 conditi
745 4244 860 4286 sumus
892 4233 924 4285 et
956 4226 1165 4306 prouidentia
1194 4226 1427 4305 gubernamur.

229 4329 293 4388 per.

452 4429 466 4511 1.
478 4435 527 4549 ξω
539 4442 575 4549 εἴ,
588 4437 633 4511 but
645 4437 687 4487 the
698 4437 862 4502 punctuation
873 4436 902 4486 os
911 4437 953 4487 the
966 4437 1023 4488 MS.
1036 4437 1058 4487 is
1069 4439 1122 4486 also
1134 4438 1218 4502 faulty.

456 4514 466 4529 ·
504 4518 531 4550 or
559 4518 654 4552 turnus.
