3038 5106
555 376 646 427 DOM.
675 375 721 427 IN
741 376 861 427 RAMIS
883 373 1106 427 PALMARUM.

765 575 902 641 Secreta.

277 687 413 751 Cunctis
429 708 489 751 nos
505 708 685 770 quesumus
700 687 836 751 domine
851 688 995 752 reatibus
1009 696 1044 751 et
1059 686 1211 770 periculis
1234 687 1436 770 propitiatus

232 774 376 836 absolue.
393 796 477 857 quos
493 777 595 839 tantis
611 776 776 858 mysteriis
792 776 908 840 tribuis
920 796 992 838 esse
1001 784 1178 840 consortes.
1188 795 1247 857 per
1255 774 1435 838 domiuum

232 872 390 923 nostrum.

736 973 920 1054 Praefhtrb.

278 1086 327 1148 (θ
348 1094 481 1147 aeterne
496 1086 587 1149 deus,
632 1085 734 1149 Cuius
750 1106 810 1148 nos
833 1085 915 1148 fides
939 1085 1074 1149 excitat.
1090 1106 1166 1168 spes
1188 1086 1284 1168 erigit
1308 1086 1436 1149 karitas

233 1173 346 1251 iungit.
396 1172 498 1235 Cuius
529 1174 697 1236 miseratio
727 1171 890 1254 gratuitu†
906 1172 1063 1254 purificat
1094 1194 1178 1254 quos
1208 1174 1435 1236 conscientiae

233 1270 343 1321 reatus
366 1269 506 1321 accusat.
552 1260 602 1322 Te
625 1261 725 1341 igitur
748 1280 822 1322 curn
847 1261 976 1322 interno
1000 1262 1108 1341 rugitu
1132 1262 1378 1342 depraecamur.
1396 1271 1434 1323 ut

233 1346 372 1407 carnalis
420 1348 596 1409 alimoniae
643 1346 862 1409 refrenatione
911 1349 1062 1428 castigati
1108 1349 1150 1410 ad
1189 1346 1433 1421 caebrandum†

232 1433 387 1513 paschale
404 1434 598 1515 mysterium
623 1435 830 1496 inueniamur
853 1435 970 1496 idonei.
994 1455 1053 1517 per
1074 1434 1233 1497 christum
1256 1435 1432 1497 domiuum

233 1530 391 1582 nostrum.

678 1632 710 1694 Α
714 1632 741 1694 d
751 1632 975 1713 complendum.

277 1744 390 1805 Diuini
429 1743 539 1808 satiati
578 1744 722 1807 muneris
760 1744 914 1826 largitate
951 1765 1131 1827 quesumus
1170 1746 1307 1809 domine
1348 1747 1430 1809 deus

232 1842 350 1892 noster.
368 1841 404 1892 ut
419 1830 516 1894 huius
532 1852 663 1913 semper
678 1833 931 1915 participatione
947 1833 1108 1896 uiuamus.
1125 1853 1191 1915 per.

691 1967 720 2031 S
720 1979 798 2050 uper
803 1968 966 2049 populum.

275 2079 423 2141 Tueatur
452 2100 635 2162 quesumus
664 2080 798 2143 domine
828 2081 969 2143 dextera
998 2090 1057 2143 tua
1093 2081 1254 2164 populum
1292 2082 1427 2165 deprae-

232 2176 370 2227 cautem.
402 2177 434 2229 et
462 2166 672 2249 purificatum
703 2168 879 2249 dignanter
909 2169 1046 2231 erudiat.
1076 2178 1112 2232 ut
1138 2178 1172 2232 et
1201 2169 1427 2233 consolatione

231 2263 405 2334 praesente
421 2255 463 2316 ad
481 2254 590 2316 futura
608 2255 695 2316 bona
711 2255 866 2336 proficiat.
885 2275 943 2336 per
958 2255 1139 2319 dominum.

594 2432 830 2495 Beuemcno
848 2444 1066 2495 Pacuunuu.

278 2544 369 2605 Deus
394 2544 449 2624 qui
477 2544 680 2623 temporibus
705 2564 768 2605 noe
797 2543 910 2605 famuli
935 2544 982 2605 tui
1009 2563 1066 2624 per
1087 2540 1276 2603 columbam
1299 2560 1427 2603 ramum

235 2630 321 2691 oliue
338 2631 519 2692 uirentibus
536 2630 620 2692 foliis
637 2630 669 2692 in
693 2650 749 2691 ore
772 2630 974 2692 deserentem
999 2639 1074 2710 post
1097 2628 1211 2691 diluuii
1234 2626 1429 2690 effusionem

233 2738 349 2798 pacem
366 2717 555 2779 hominibus
572 2717 734 2778 redditam
753 2718 902 2779 nuntiare
919 2716 1052 2778 uoluisti
1069 2724 1101 2777 et
1117 2716 1173 2795 qui
1189 2715 1362 2795 unigenito
1372 2726 1430 2777 tuo

233 2806 370 2866 domino
401 2815 514 2866 uostro
546 2805 611 2865 iesu
644 2803 766 2866 christo
796 2803 1053 2884 hierosolymam
1084 2802 1273 2883 properanti
1309 2822 1429 2884 pueros

233 2889 405 2952 ebreorum
437 2890 621 2972 palmarum
653 2890 786 2953 obuiam
818 2890 988 2953 uenientes
1015 2890 1193 2969 laudesque
1217 2889 1430 2951 concinentes

348 2980 358 3013 1

471 3130 763 3215 s[n0uuv1cx1u
788 3147 902 3197 nuans
927 3131 1173 3215 excuranuu.²]
1306 3128 1363 3216 [fo.
1383 3145 1431 3211 57.

276 3244 500 3328 Omnipotens
516 3247 715 3327 sempiterne
731 3247 812 3308 deus
828 3246 884 3326 qui
900 3245 1046 3307 humano
1056 3244 1166 3326 generi
1176 3244 1218 3306 ad
1230 3242 1429 3306 imitandum

234 3333 429 3394 humilitatis
456 3333 649 3413 exemplum
677 3332 875 3395 saluatorem
907 3345 1055 3394 nostrum
1080 3351 1212 3393 carnem
1243 3349 1374 3392 sumere
1395 3340 1429 3392 et

233 3440 362 3481 crucem
379 3420 487 3481 subire
511 3418 622 3481 fecisti.
647 3421 791 3481 concede
815 3420 983 3501 propitius.
1007 3430 1044 3482 ut
1067 3430 1099 3481 et
1125 3418 1303 3499 patientiae
1327 3417 1430 3498 ipsius

232 3507 353 3568 habere
379 3506 590 3568 documenta.
615 3516 647 3567 et
684 3507 929 3568 resurrectionis
965 3506 1129 3567 consortia
1155 3523 1347 3566 mereamur.
1372 3525 1431 3585 per

233 3595 374 3656 eundem
389 3595 560 3655 dominum
578 3604 735 3655 nostrum.

267 3764 274 3795 ¹
292 3767 347 3815 The
359 3767 408 3815 loss
419 3767 448 3815 of
461 3783 509 3815 one
521 3783 549 3815 or
561 3783 629 3815 more
641 3767 723 3815 leaves
734 3773 760 3815 at
772 3766 821 3816 this
832 3767 902 3831 point
914 3767 1025 3816 involves
1036 3767 1078 3816 the
1094 3768 1143 3816 loss
1160 3766 1187 3815 of
1202 3773 1257 3831 part
1274 3765 1304 3815 of
1318 3767 1360 3815 the
1377 3773 1430 3815 text

233 3833 262 3880 of
279 3833 328 3881 this
346 3832 513 3890 benediction,
533 3833 582 3880 and
606 3832 692 3881 makes
711 3832 730 3880 it
750 3832 895 3896 impossible
912 3841 939 3881 to
958 3849 1001 3896 say
1019 3833 1130 3882 whether
1150 3834 1192 3881 the
1214 3832 1269 3880 MS.
1294 3847 1358 3895 gave
1381 3848 1430 3894 any

231 3916 251 3947 a
247 3898 368 3946 Ιιιιιιιιιιιιι
381 3914 409 3946 οι
421 3897 567 3946 alternative
580 3897 649 3945 form.
686 3898 742 3946 The
753 3914 821 3946 same
836 3898 1026 3947 benedictionis
1037 3899 1123 3957 found,
1137 3899 1197 3945 with
1209 3897 1284 3960 slight
1297 3896 1427 3953 variatim,

233 3966 256 4012 iu
280 3964 321 4011 the
335 3962 463 4011 luntifical
482 3963 510 4010 of
525 3963 626 4025 Egbert,
641 3963 723 4011 where
740 3963 782 4012 the
799 3964 872 4011 latter
889 3972 944 4026 part
960 3963 1008 4011 of'
1002 3973 1021 4011 rt
1038 3979 1096 4011 runs
1112 3979 1139 4011 as
1155 3963 1302 4011 follows:—

232 4030 366 4092 laudesque
380 4028 548 4085 decantanteS‚
563 4038 586 4076 et
600 4045 660 4077 uoce
672 4028 770 4077 eleuata
787 4029 906 4087 dicentes,
925 4028 1051 4077 Osanna
1044 4044 1070 4075 m
1087 4029 1197 4077 excelsis.
1218 3964 1369 4075 Benedictus
1385 4025 1428 4089 qui

231 4112 258 4143 tu
257 4094 299 4142 nit
317 4094 342 4141 in
361 4094 461 4141 nomine
480 4093 590 4150 Domini,
612 4094 665 4141 Rex
684 4094 769 4152 Israel,
788 4093 887 4141 uoluisti
905 4093 1068 4142 benedicere:
1086 4093 1325 4155 sanctificareatque
1342 4107 1426 4140 con-se

231 4176 299 4209 crare
320 4159 429 4233 digneris
449 4160 494 4206 hos
511 4159 647 4222 palmarum
666 4174 747 4206 ramos
764 4160 852 4207 diuer
835 4174 964 4222 numque
981 4158 1106 4206 frondium
1124 4159 1163 4206 uel
1180 4159 1278 4215 florum,
1297 4166 1324 4206 ut
1341 4172 1428 4204 ornnes

230 4242 272 4288 qur
285 4241 315 4273 ex
332 4226 367 4272 eis
385 4223 409 4271 ιιι
427 4224 542 4271 manibus
559 4224 670 4298 accipere
687 4224 809 4272 uoluerint
827 4224 872 4272 tibi
890 4225 988 4287 plaeere
1005 4223 1107 4287 possint.
1125 4233 1149 4272 et
1167 4223 1191 4271 ιιι
1209 4223 1249 4271 die
1267 4193 1352 4270 iudicii
1371 4237 1426 4270 cum

230 4292 314 4353 palma
327 4289 443 4337 lictoriae
455 4301 478 4337 et
491 4289 589 4337 fructu
583 4305 619 4337 ιιι
609 4289 691 4336 titiae
703 4288 734 4336 ad
746 4288 864 4336 iudicium
876 4288 1005 4352 peruenire
1017 4300 1165 4347 mereantur,
1179 4298 1203 4337 et
1215 4287 1306 4337 exinde
1322 4289 1426 4351 gronam

229 4354 379 4417 accipientes
379 4353 573 4468 ,ingitefmiuam
591 4363 673 4402 tecum
689 4354 743 4402 sine
759 4352 810 4403 fine
825 4353 878 4403 uite
894 4364 995 4403 aeterna
1012 4369 1164 4418 permanere.
1201 4351 1275 4402 Per''
1317 4354 1428 4412 (Surtees

228 4420 284 4470 Sos.
298 4419 377 4483 Ed.p
402 4432 412 4467 1

261 4487 270 4515 ²
286 4485 342 4533 'lhe
339 4421 501 4548 ιιειιιιιις)οι
515 4483 565 4532 this
580 4498 646 4532 mass
657 4483 703 4533 hes
713 4485 860 4549 apparently
871 4482 935 4533 been
947 4483 1047 4534 written
1059 4483 1085 4533 in
1095 4483 1172 4534 blue:
1190 4482 1249 4547 only
1261 4490 1329 4547 parts
1340 4481 1369 4531 of
1380 4496 1428 4531 one

229 4566 257 4597 or
269 4558 319 4598 two
331 4551 416 4600 letters
427 4565 468 4599 are
479 4564 536 4598 now
548 4549 643 4599 visible.
