3038 5106
208 358 253 395 122
479 348 571 399 DOM.
591 348 614 399 I.
633 347 731 398 POST
744 347 821 399 OCT.
841 344 1126 399 PENTECOSYEM

206 498 302 560 ditur.
319 495 370 560 lac
385 517 446 560 nos
462 518 642 579 quesumus
659 498 742 561 atria
765 517 907 580 superne
930 497 1082 562 ciuitatis.
1108 506 1144 560 et
1160 507 1196 561 te
1220 496 1408 579 inspirante

207 604 338 667 semper
359 583 492 647 ambire.
509 596 543 649 et
565 595 624 648 tua
647 585 854 667 indulgentia
880 584 1021 649 fideliter
1044 585 1174 648 intrare.
1221 584 1283 646 Per
1297 584 1408 646 domi-

208 692 288 733 num
305 681 462 734 nostrum.

730 792 868 857 Secreta.

252 903 404 967 Remotis
430 905 739 969 obumbrationibus
765 904 945 968 carnalium
977 904 1193 968 uictimarum.
1224 902 1409 986 spiritalem

208 991 267 1053 tibi
284 1012 414 1054 summe
429 1003 523 1074 pater
537 993 681 1055 hostiam
697 993 838 1074 supplici
854 993 1012 1055 seruitute
1027 990 1204 1055 offerimus.
1220 1010 1306 1073 quae
1324 990 1412 1052 miro

209 1077 431 1160 ineffabilique
458 1081 624 1160 mysterio
647 1089 681 1142 et
705 1079 896 1142 immolatur
919 1098 1050 1162 semper
1075 1090 1110 1141 et
1133 1079 1249 1141 eadem
1275 1096 1412 1160 semper

209 1163 353 1228 offertur.
379 1167 566 1247 pariterque
589 1176 623 1229 et
650 1168 846 1229 deuotorum
872 1186 992 1228 munus
1023 1178 1056 1229 et
1086 1166 1327 1228 remunerantis
1358 1175 1411 1227 est

209 1254 401 1335 proemium.
419 1273 483 1336 per.

720 1373 901 1452 Praefatio.

254 1484 304 1547 (Ξ)
328 1495 461 1548 aeterne
488 1486 577 1547 deus.
635 1484 701 1567 Qui
732 1506 807 1548 cum
838 1485 1010 1567 unigenito
1036 1483 1104 1547 filio
1134 1494 1194 1547 tuo
1223 1491 1256 1546 et
1287 1483 1408 1565 spiritu

210 1581 325 1633 sancto
349 1592 432 1635 unus
456 1571 523 1647 esti
538 1573 619 1635 deus
636 1593 720 1635 unus
736 1570 802 1646 est†
817 1572 981 1634 dominus.
1026 1571 1103 1634 Non
1125 1572 1157 1633 in
1185 1572 1280 1633 unius
1295 1572 1413 1652 singu·

211 1657 339 1721 laritate
355 1679 514 1740 personae
530 1661 587 1721 sed
605 1661 637 1721 in
653 1661 749 1721 unius
766 1660 911 1722 trinitate
934 1659 1149 1722 substantiae.
1196 1658 1295 1740 Quod
1320 1659 1412 1720 enim

212 1745 254 1805 de
278 1756 336 1807 tua
360 1746 465 1827 gloria
492 1746 659 1809 reuelante
684 1758 717 1809 te
743 1747 916 1809 credimus.
944 1748 1006 1808 hoc
1031 1748 1073 1808 de
1094 1745 1162 1808 filio
1187 1755 1252 1807 tuo
1278 1744 1342 1806 hoc
1367 1747 1414 1808 de

209 1832 324 1913 spiritu
341 1845 457 1895 sancto
472 1834 543 1895 siue
559 1832 764 1895 differentiae
779 1833 977 1895 discretione
992 1834 1162 1895 sentimus
1178 1841 1215 1894 ut
1234 1832 1265 1893 in
1283 1829 1410 1916 [con-¹]

210 1918 350 1981 sessione
366 1940 442 1981 uere
457 1921 721 2001 sempiterneque
738 1921 879 1982 deitatis.
895 1929 929 1981 et
945 1921 977 1981 in
995 1921 1143 2001 personis
1167 1919 1359 2001 proprietas.
1376 1932 1413 1981 et

210 2005 241 2065 in
267 2008 393 2068 esentia
417 2008 537 2070 unitas
568 2008 658 2069 etin
690 2008 864 2069 maiestate
884 2008 1040 2070 adoretur
1055 2007 1248 2087 aequalitas.
1293 2005 1409 2088 Quam

210 2091 347 2156 laudant
364 2095 482 2174 angeli.

657 2212 689 2274 Α
694 2214 721 2276 d
738 2213 961 2296 corrtplendum.

254 2323 427 2389 Laetificet
444 2346 503 2387 nos
519 2346 699 2407 quesumus
715 2327 849 2389 domine
865 2326 1062 2389 sacramenti
1078 2327 1266 2389 ueneranda
1277 2324 1413 2392 sollem-

212 2412 321 2493 pnitas
345 2414 531 2494 pariterque
557 2426 684 2475 mentes
716 2425 845 2475 nostras
876 2424 909 2475 et
939 2433 1085 2494 corpora.
1117 2414 1254 2496 spiritali
1287 2416 1413 2478 sancti-

211 2498 364 2560 ficatione
401 2499 562 2562 fecundet.
601 2512 635 2562 et
679 2502 778 2563 castis
815 2501 946 2581 gaudiis
983 2520 1114 2582 semper
1150 2512 1312 2564 exerceat.
1353 2523 1415 2584 per

211 2586 393 2650 dominum.

377 2781 575 2845 Dournucn
602 2782 625 2846 Ι.
650 2797 739 2846 ross
763 2783 934 2846 Ocrnnas
960 2783 1241 2847 Punrucosrnu.

254 2908 346 2971 Deus
363 2911 394 2971 in
412 2920 445 2972 te
461 2913 664 2992 sperantium
687 2912 853 2975 fortitudo.
878 2914 994 2974 adesto
1014 2913 1175 2994 propitius
1192 2911 1412 2974 inuocationi-

211 2995 272 3058 bus
300 2999 419 3059 nostris
443 3007 476 3059 et
500 3000 578 3079 quia
605 3001 675 3060 sine
692 3010 724 3060 te
746 3000 825 3060 nihil
843 3009 953 3082 potest
978 2997 1139 3079 mortalis!
1161 2998 1246 3060 infir·
1264 2997 1320 3080 [lo
1338 3000 1412 3060 88v.

211 3084 316 3144 initas.
334 3099 465 3165 praesta
481 3086 643 3147 auxilium
661 3088 786 3166 gratiae
803 3097 888 3148 tuac.
906 3099 943 3149 ut
959 3089 990 3148 in
1015 3087 1219 3167 exequendis
1243 3086 1414 3147 mandatis

211 3171 283 3234 tuiS.
300 3181 333 3232 et
350 3171 522 3233 uoluntate
538 3171 597 3234 tibi
613 3184 646 3234 et
663 3175 792 3235 actione
809 3174 1006 3255 placeamus,
1024 3194 1081 3256 per
1096 3174 1280 3235 dominum.

743 3310 882 3374 Secreto.

258 3420 396 3484 Hostias
420 3433 550 3483 nostras
575 3423 709 3484 domine
736 3424 795 3484 tibi
823 3424 949 3485 dicatas
977 3422 1126 3505 placatus
1152 3444 1283 3486 assume
1308 3434 1342 3486 et
1370 3426 1414 3486 ad

212 3519 407 3589 perpetuum
442 3510 536 3571 nobis
575 3510 682 3572 tribue
720 3513 893 3592 prouenire
923 3513 1115 3574 subsidium.
1147 3531 1205 3592 per
1238 3511 1413 3573 dominum

213 3607 371 3658 nostrum.

729 3717 910 3796 Prarffatrb.

256 3820 305 3881 d)
329 3830 462 3882 aeterne
488 3821 578 3882 deus.
625 3819 690 3901 Qui
717 3822 895 3883 aecclesiae
918 3833 994 3884 tuae
1018 3820 1102 3884 filios
1119 3822 1202 3884 sicut
1219 3841 1284 3883 non
1303 3841 1413 3883 cessas

213 3907 348 3968 erudire.
366 3908 411 3968 ita
436 3926 501 3967 non
527 3908 649 3968 desinis
675 3909 840 3970 adiuuare.
858 3919 894 3971 ut
919 3919 952 3971 et
976 3912 1147 3972 scientiam
1176 3919 1209 3970 te
1235 3912 1413 3971 miserante

213 4003 300 4054 recte
316 3993 465 4056 faciendi.
484 4004 517 4055 et
535 3995 789 4076 possibilitatem
807 3997 941 4079 capiant
956 3997 1155 4078 exequendi.
1171 4018 1229 4078 per
1245 3996 1413 4058 christum.

659 4131 690 4194 A
696 4132 722 4193 d
740 4132 969 4213 complendum.

257 4234 374 4296 Tantis
406 4233 540 4297 domine
572 4235 687 4317 repleti
720 4238 911 4299 muneribus
943 4246 1074 4317 praesta
1104 4256 1284 4317 quesumus
1314 4246 1351 4299 ut
1382 4248 1416 4298 et

212 4322 368 4383 salutaria
392 4321 481 4384 dona
508 4323 690 4404 capiamus.
717 4335 751 4386 et
775 4345 796 4386 a
821 4334 879 4387 tua
906 4343 1087 4403 numquam
1113 4324 1211 4386 laude
1238 4344 1415 4386 cessemus.

214 4429 282 4491 per.

439 4533 447 4566 ¹
465 4537 527 4587 This
538 4539 642 4603 syllable
653 4538 674 4588 is
686 4538 792 4588 omitted
803 4547 828 4589 at
841 4538 883 4589 the
894 4538 1030 4604 beginning
1041 4538 1070 4588 ol
1077 4552 1093 4588 a
1105 4537 1163 4590 line.
