3038 5106
634 340 747 391 MISSA
770 340 844 392 PRO
864 340 1050 391 El’lscopo.

357 518 474 582 M1ssn
497 530 568 583 sno
591 518 747 583 Asnam
769 518 942 595 Erusque
964 516 1302 583 Couonncnmonc.

271 645 493 729 Omnipotens
503 648 703 730 sempiterne
712 651 802 711 deus.
814 648 871 729 qui
881 645 978 732 (facis
989 647 1152 710 mirabilia
1162 666 1285 729 magna
1294 645 1351 729 [so.
1367 649 1434 710 181.

225 734 315 797 solus
332 734 511 817 praetende
525 754 624 817 super
639 734 798 798 famulum
822 743 916 797 tuum
932 734 1089 797 abbatem
1106 744 1264 797 nostrum.
1280 744 1314 797 et
1337 754 1437 816 super

226 831 379 884 cunctam
392 823 684 904 congregationem
694 821 740 884 illi
752 822 965 884 commissam
976 820 1127 903 spiritum
1137 822 1263 902 gratiae
1272 821 1435 884 salutaris.

226 918 260 971 et
275 917 312 971 ut
327 909 360 970 in
377 909 515 972 ueritate
534 909 594 972 tibi
617 908 894 990 complaceamus.
910 916 1106 990 perpetuum
1122 906 1218 971 nobis
1234 928 1342 972 rorem
1358 916 1436 971 tuae

227 994 466 1059 benedictionis
482 995 625 1059 infunde.
642 1016 701 1078 per
714 995 888 1059 dominum
905 1005 1063 1058 nostrum.

759 1132 896 1196 Secreta.

274 1244 412 1307 Hostias
427 1246 564 1309 domine
580 1245 779 1309 famulorum
792 1255 923 1308 tuorum
941 1247 1091 1328 placatus
1104 1246 1239 1308 intende
1253 1254 1287 1307 et
1302 1264 1387 1326 quas
1404 1245 1436 1306 in

228 1329 353 1394 honore
380 1333 522 1394 nominis
547 1333 594 1395 tui
619 1334 741 1395 deuota
762 1343 873 1396 mente
888 1353 948 1415 pro
963 1334 1010 1395 eis
1026 1333 1252 1397 caelebramus
1277 1329 1437 1413 proficere

228 1418 290 1480 sibi
306 1419 450 1481 sentiant
466 1420 507 1482 ad
526 1421 698 1482 medelam.
716 1440 774 1502 per
789 1420 961 1482 dominum
979 1429 1136 1482 nostrum.

741 1557 922 1639 Praefatio.

274 1667 323 1730 (D
340 1677 473 1730 aeterne
488 1669 578 1732 deus.
623 1668 843 1733 Clementiam
867 1679 959 1733 tuam
969 1669 1087 1751 pronis
1104 1668 1270 1731 mentibus
1285 1666 1439 1730 obsecra·

231 1773 313 1816 mus.
329 1764 365 1817 ut
382 1754 522 1818 famulos
538 1766 613 1820 tuos
629 1756 688 1820 tibi
705 1756 806 1820 facias
822 1766 894 1820 toto
909 1758 1009 1820 corde
1024 1756 1199 1819 subiectos.
1216 1764 1252 1818 ut
1267 1764 1345 1817 tuae
1356 1754 1437 1817 cari·

230 1840 310 1903 tatis
329 1842 445 1923 spiritu
462 1842 576 1925 repleti
593 1864 613 1905 a
631 1845 767 1907 terrenis
785 1845 985 1907 mundentur
1001 1843 1238 1926 cupiditatibus
1253 1851 1287 1905 et
1303 1840 1438 1904 caelesti

229 1925 435 1991 beatitudine
447 1939 481 1992 te
496 1930 642 1993 donante
659 1931 750 2013 digni
767 1929 958 1993 efficiantur.
975 1950 1033 2013 per
1048 1929 1215 1993 christum.

683 2067 745 2131 Ad
756 2068 981 2149 cornplendum.

274 2177 367 2260 Quos
383 2179 516 2242 caelesti
533 2199 659 2243 recreas
676 2200 811 2243 munere
827 2190 988 2263 perpetuo
1003 2179 1139 2243 domine
1161 2179 1322 2242 comitare
1345 2198 1438 2261 prae·

229 2265 314 2328 sidio
329 2275 363 2329 et
377 2287 461 2348 quos
477 2266 588 2330 fouere
603 2287 670 2330 non
687 2268 818 2330 desinis.
835 2268 954 2349 dignos
971 2265 1039 2329 fieri
1060 2267 1262 2349 sempiterna
1285 2266 1437 2348 redemp-

229 2352 320 2415 tione
336 2355 489 2416 concede.
506 2374 565 2436 per
579 2355 762 2418 dominum.

449 2559 565 2621 Mrsss
586 2573 626 2622 ru
652 2559 904 2623 Monasrcmo
928 2560 1218 2622 Monncuonuu.

277 2680 459 2745 Familiam.
476 2683 572 2746 huius
589 2684 670 2746 sacri
687 2683 837 2746 coenobii
861 2703 1041 2765 quesumus
1056 2683 1191 2746 domine
1215 2683 1441 2744 intercedente

234 2765 333 2830 beato
350 2769 526 2833 benedicto
549 2770 736 2833 confessore
762 2781 920 2833 tuocum
948 2770 1102 2833 omnibus
1127 2770 1251 2832 sanctis
1278 2778 1441 2850 perpetuo

231 2854 379 2933 guberna
404 2858 637 2920 moderamine.
654 2867 690 2919 ut
715 2858 802 2921 adsit
826 2858 921 2920 nobis
949 2867 982 2920 et
1007 2859 1038 2919 in
1063 2857 1237 2920 securitate
1253 2855 1385 2918 cautela
1407 2865 1441 2918 et

232 2939 316 3001 inter
331 2962 448 3024 aspera
464 2943 631 3007 fortitudo.
648 2964 713 3025 per.

769 3064 906 3128 Secreta.

278 3178 418 3239 Munera
433 3196 612 3257 quesumus
628 3177 763 3240 domine
778 3197 864 3258 quae
881 3197 940 3259 pro
956 3190 1069 3239 nostra
1083 3185 1117 3239 et
1132 3176 1281 3238 omnium
1298 3195 1441 3257 quorum

233 3265 408 3327 recolimus
420 3264 613 3326 memoriam
627 3264 854 3346 redemptione
866 3263 970 3326 oculis
981 3273 1057 3326 tuae
1069 3262 1237 3325 offerimus
1251 3263 1442 3325 maiestatis

232 3353 382 3434 placatus
398 3350 527 3431 suscipe
543 3352 633 3413 etad
650 3360 844 3434 perpetuam
862 3351 957 3413 nobis
973 3351 1127 3413 omnibus
1144 3350 1250 3412 tribue
1266 3350 1443 3431 prouenire

231 3439 380 3500 salutem.
399 3456 463 3518 per.

679 3557 756 3642 [Ad
766 3557 991 3640 corrqtlendum.
1273 3555 1330 3638 [l'0.
1354 3559 1442 3619 181v.

277 3670 416 3751 Suscipe
439 3670 575 3733 domine
601 3690 735 3752 praeces
761 3681 889 3733 nostras
913 3679 947 3733 et
975 3690 1068 3733 muro
1084 3668 1254 3731 custodiae
1276 3677 1358 3731 tuae
1381 3669 1443 3733 hoc

232 3767 382 3820 sanctum
415 3757 500 3819 ouile
531 3754 707 3820 circumda.
735 3768 770 3820 ut
795 3758 886 3819 omni
911 3757 1112 3820 aduersitate
1136 3755 1283 3838 depulsa.
1310 3756 1352 3818 sit
1380 3756 1443 3819 hoc

233 3865 364 3927 semper
393 3845 597 3907 domicilium
630 3845 864 3907 incolomitatis
889 3854 922 3906 et
949 3845 1048 3927 pacis.
1076 3863 1135 3925 per
1160 3843 1334 3906 dominum
1368 3864 1442 3905 nos-

230 3942 326 3994 trum.

629 4133 746 4195 Mrssn
770 4146 841 4194 eno
867 4130 1055 4194 Errscoro

277 4244 431 4307 Concede
447 4264 626 4325 quesumus
642 4244 777 4306 domine
792 4243 918 4306 famulo
933 4252 991 4306 tuo
1003 4242 1159 4324 episcopo
1176 4251 1289 4304 nostro
1299 4251 1336 4305 ut
1349 4263 1442 4324 prae·

233 4331 376 4393 dicando
391 4340 425 4394 et
440 4332 630 4393 exercendo
645 4349 731 4411 quae
747 4339 835 4393 recta
850 4339 928 4394 sunt
943 4330 1100 4411 exempla
1123 4328 1287 4392 bonorum
1303 4348 1443 4411 operum

233 4418 362 4480 animas
377 4437 510 4481 suorum
536 4417 676 4480 instruat
701 4416 917 4481 subditorum.
934 4426 967 4480 et
993 4426 1147 4481 aeternae
1170 4416 1445 4480 remunerationis

233 4505 420 4568 mercedem
437 4524 457 4567 a
472 4514 506 4568 te
521 4504 670 4587 piissimo
686 4513 817 4584 pastore
832 4504 1001 4586 percipiat
1010 4524 1069 4586 per
1082 4504 1256 4568 dominum
1271 4512 1434 4569 nostrum.
