3038 5106
212 328 259 384 tu
492 322 1130 375 mmrmtAERAWRSAfflffla

768 496 860 563 Alia.

258 603 350 666 Deus
374 605 430 688 qui
457 604 593 670 beatum
618 608 844 671 sebastianum
873 617 1052 690 martyrem
1076 618 1170 671 tuum
1193 607 1318 671 uirtute
1334 626 1415 670 con-

215 691 357 755 stantiae
374 693 405 754 in
423 695 576 775 passione
592 696 762 760 roborasti.
778 716 823 759 ex
838 696 908 758 eius
924 694 1021 759 nobis
1033 694 1218 757 imitatione
1229 694 1340 757 tribue
1355 714 1417 777 pro

214 796 326 840 amore
342 788 401 842 tuo
416 801 574 863 prospera
590 783 705 846 mundi
721 783 898 864 despicere.
915 792 949 847 et
961 781 1052 845 nulla
1063 781 1133 844 eius
1143 782 1284 845 aduersa
1300 780 1414 844 sormi·

215 864 301 928 dare.
318 886 377 948 per
391 867 564 931 dominum
581 879 739 933 nostrum.

743 1004 882 1068 Secreta.

262 1112 400 1177 Hostias
416 1116 475 1178 tibi
491 1115 626 1180 domine
642 1116 731 1180 beati
757 1116 878 1180 fabiani
905 1116 1057 1199 martyris
1072 1116 1121 1179 tui
1137 1116 1265 1179 dicatas
1288 1115 1420 1179 meritis

217 1198 381 1349 genignus
397 1221 538 1265 assume.
555 1204 645 1266 etad
663 1214 859 1286 perpetuum
877 1205 973 1267 nobis
995 1203 1102 1266 tribue
1118 1202 1292 1285 prouenire
1308 1202 1418 1266 subsi-

241 1306 317 1349 rum.
334 1309 402 1369 per.

771 1425 862 1488 Alia.

262 1530 413 1614 Accepta
440 1535 483 1596 sit
510 1535 542 1598 in
564 1549 743 1618 conspectu
767 1546 826 1599 tuo
848 1536 983 1600 domine
999 1544 1113 1598 nostra
1134 1532 1278 1597 deuotio,
1294 1538 1330 1592 et
1346 1527 1421 1591 eius

219 1618 314 1680 nobis
327 1618 385 1684 fiat
397 1620 639 1703 supplicatione
653 1623 813 1686 salutaris.
829 1643 890 1705 pro
900 1623 992 1686 cuius
1005 1621 1250 1704 sollempnitate
1261 1616 1420 1680 defertur.

216 1724 281 1785 per.

736 1845 917 1926 Praefatio.

264 1954 314 2017 ff)
346 1967 479 2018 aeterne
510 1958 599 2019 deus.
646 1956 813 2040 Quoniam
843 1957 996 2038 martyris
1026 1955 1114 2018 beati
1145 1950 1325 2015 sebastiani
1357 1968 1422 2030 pro

220 2041 425 2104 consessione
438 2044 581 2106 nominis
597 2044 645 2107 tui
662 2043 860 2107 uenerabilis
875 2044 1012 2125 sanguis
1027 2041 1157 2104 effusus.
1174 2038 1272 2102 simul
1299 2046 1335 2099 et
1359 2046 1421 2097 tua

222 2127 384 2191 mirabilia
412 2129 610 2194 manifestat.
640 2151 708 2213 quo
734 2129 864 2213 perficis
895 2130 928 2191 in
958 2127 1149 2191 infirmitate
1186 2126 1353 2189 uirtutem.
1384 2131 1421 2183 et

221 2215 340 2277 nostris
365 2217 484 2280 studiis
508 2220 566 2281 dat
589 2217 783 2301 proiectum.
800 2229 833 2281 et
850 2216 988 2279 infirmis
1004 2216 1093 2298 apud
1109 2224 1142 2277 te
1158 2220 1306 2296 praestat
1321 2208 1419 2272 auxi·

219 2299 306 2364 lium.
324 2323 382 2384 per
397 2303 565 2369 christum.

665 2437 728 2500 Ad
738 2436 962 2518 coreptlendum.

265 2546 395 2611 Refecti
421 2550 674 2632 participatione
701 2550 846 2612 muneris
870 2548 952 2610 sacri
979 2566 1160 2628 quesumus
1184 2542 1319 2606 domine
1335 2540 1419 2602 deus

222 2646 333 2697 noster
366 2646 402 2698 ut
440 2637 532 2699 cuius
570 2637 767 2718 exequimur
797 2636 923 2698 cultum
954 2634 1136 2696 sentiamus
1165 2630 1330 2693 eflectum.
1361 2645 1421 2708 per

221 2722 402 2785 dominum.

709 2843 791 2905 Item
807 2842 886 2904 alia.

267 2954 370 3019 Sacro
387 2974 522 3016 munere
538 2954 647 3017 satiati
664 2954 830 3037 supplices
840 2965 873 3017 te
890 2953 1024 3015 domine
1035 2953 1259 3033 deprecamur.
1276 2957 1313 3009 ut
1329 2944 1417 3027 quod

224 3042 357 3104 debitae
393 3042 561 3103 seruitutis
600 3041 806 3104 celebramus
836 3039 960 3125 [officio
991 3039 1216 3101 intercedente
1247 3034 1303 3116 [fo.
1331 3049 1418 3095 110v.

223 3129 321 3190 beato
350 3129 540 3190 sebastiano
568 3138 712 3210 martyre
737 3139 795 3191 tuo
819 3127 1013 3190 saluationis
1035 3136 1111 3188 tuae
1135 3123 1317 3186 sentiamus
1340 3138 1419 3199 aug-

223 3223 380 3277 mentum.
401 3235 466 3295 per.

304 3412 367 3460 x11.
393 3398 484 3462 Kar.
509 3398 618 3460 Faria.
644 3398 799 3460 Nitrata
824 3397 1002 3461 Saserna
1025 3396 1138 3458 Aous
1162 3393 1351 3457 Uraorsrs.

267 3526 491 3608 Omnipotens
508 3528 708 3608 sempiterne
724 3528 805 3588 deus
821 3528 876 3608 qui
894 3525 1023 3588 infirma
1037 3523 1152 3586 mundi
1167 3523 1262 3604 eligis
1274 3532 1312 3585 ut
1325 3521 1423 3584 sortia

224 3633 376 3694 quaeque
407 3613 599 3676 confundas
631 3616 777 3677 concede
808 3614 977 3695 propitius.
1010 3621 1046 3674 ut
1077 3612 1133 3691 qui
1165 3609 1282 3672 beatae
1314 3627 1425 3690 agnae

225 3701 379 3781 martyris
411 3711 488 3762 tuae
519 3700 716 3781 sollempnia
747 3699 893 3763 colimus.
932 3701 1002 3761 eius
1040 3699 1128 3779 apud
1167 3707 1200 3759 te
1239 3696 1427 3777 patrocinia

225 3789 414 3849 sentiamus
433 3808 499 3868 per.

757 3911 893 3975 Secreta.

271 4025 411 4086 Hostias
427 4023 561 4086 domine
576 4043 659 4103 quas
675 4023 735 4086 tibi
752 4022 921 4086 offerimus
938 4021 1099 4104 propitius
1114 4020 1251 4100 suscipe.
1268 4028 1301 4080 et
1326 4020 1429 4080 inter-

225 4112 365 4173 cedente
381 4110 480 4173 beata
495 4120 614 4191 agnete
632 4120 776 4191 martyre
792 4120 850 4172 tua
866 4108 997 4172 uincula
1007 4117 1218 4190 peccatorum
1236 4116 1428 4168 nostrorum

223 4198 370 4260 absolue.
387 4219 451 4279 per.

747 4318 836 4380 Prae
852 4317 927 4379 utri».

272 4407 321 4469 (θ
338 4416 472 4468 aeterne
482 4405 573 4468 deus.
605 4402 651 4466 Et
666 4403 755 4466 diem
767 4318 885 4467 beabo
899 4422 1007 4485 agnae
1023 4400 1181 4483 martyrio
1197 4407 1429 4462 consecratam

226 4493 457 4575 sollempniter
480 4509 656 4554 recensere.
672 4508 759 4573 quae
773 4500 921 4554 terrenae
933 4488 1164 4573 generositatis
1179 4486 1431 4549 oblectamenta
