3038 5106
671 356 875 411 contram&

172 572 252 622 Missa
262 570 294 623 de
306 572 457 623 mortalitate
468 570 597 623 hominum

172 652 251 705 Missa
263 670 307 720 pro
318 666 387 720 peste
397 655 544 705 animalIum
562 688 590 705 ...

171 736 250 787 Missa
261 738 287 787 in
300 746 411 803 tempore
424 737 484 788 belli
766 772 782 786 ..
852 772 869 786 ..

171 818 523 885 Misacontraobloquentes

170 902 249 951 Missa
260 911 347 952 contra
358 903 452 952 iudices
463 901 527 951 male
538 909 642 965 agentes
860 936 876 949 ..

170 983 249 1033 Missa
261 993 346 1033 contra
358 999 467 1048 paganos
655 1018 672 1032 ..

171 1065 250 1115 Missa
261 1054 287 1115 iu
299 1067 502 1116 contentionibus
1045 1100 1063 1115 ..

171 1148 250 1197 Missa
261 1164 306 1213 pro
317 1148 449 1197 concordia
460 1148 562 1197 fratrum
656 1181 683 1198 ...
1143 1186 1149 1199 .
1165 1186 1171 1199 .
1242 1189 1248 1202 .

171 1230 249 1279 ntiaa
260 1246 305 1295 pro
315 1228 381 1279 fame
391 1246 421 1279 ac
433 1229 576 1293 pestilentia
657 1262 685 1280 ...
755 1261 783 1279 ...

171 1312 291 1362 Miasaad
304 1328 405 1377 sponsas
416 1312 602 1361 benedicendus
1144 1349 1150 1362 .

169 1390 257 1444 Oratio
268 1410 341 1458 super
352 1392 581 1458 poenitentem...in
593 1390 683 1456 Capite
695 1389 787 1441 ieiunii

168 1472 258 1526 Oratio
266 1477 297 1525 ad
311 1476 521 1525 reconciliandum
534 1473 764 1538 poenitentem...iu
776 1473 862 1524 Coena
873 1472 978 1523 Domini

169 1558 210 1607 Ad
222 1558 450 1608 reconciliationem
463 1556 613 1621 poenitentis
623 1556 655 1605 ad
668 1564 772 1605 mortem

169 1640 210 1691 Ad
222 1641 339 1691 clericum
351 1641 491 1690 faciendum
959 1675 975 1688 ..

168 1722 258 1773 Oratio
268 1724 300 1772 ad
312 1722 484 1787 capillaturam
557 1756 586 1772 ...
1152 1761 1170 1773 ..

168 1802 258 1855 Oratio
267 1806 299 1854 ad
311 1806 400 1853 barbas
410 1804 549 1853 tondendas

167 1884 315 1936 Benedictio
325 1887 431 1936 vestium
442 1885 544 1950 virginis
556 1883 594 1934 vel
605 1883 695 1934 viduae

167 1966 328 2019 consecratio
338 1968 441 2032 virginis
1065 2004 1071 2016 .
1141 2005 1147 2018 .

168 2050 369 2100 Missaeinsdcm
751 2086 778 2099 ..

166 2130 415 2183 Benedictioviduae

167 2214 367 2265 Missaeiusdem
848 2250 864 2262 ..

166 2294 255 2348 Oratio
264 2298 297 2346 ad
311 2298 487 2347 mandatum...
1238 2337 1243 2351 .
1259 2339 1265 2351 .

165 2378 508 2444 Benedictiosalisetaquae
848 2412 876 2429 ...
946 2415 951 2426 .

165 2461 254 2512 Oratio
265 2462 291 2511 in
304 2462 486 2513 dormitorio...
653 2497 669 2510 ..
751 2497 756 2510 .
772 2498 777 2509 .
859 2496 875 2509 ..

164 2542 387 2594 lureiectorio...
1138 2580 1155 2594 ..

165 2624 389 2690 inscriptorio..

164 2707 314 2773 lncoquina
359 2744 387 2770 .,.
554 2744 581 2757 ,.
661 2743 678 2757 ..

164 2790 315 2841 lnlardario
651 2825 678 2838 ..

163 2870 307 2925 incellario
456 2908 484 2921 ..

161 2954 193 3005 lu
205 2955 280 3004 domo
291 2953 445 3003 infinnurum
941 2989 946 3000 .
962 2988 967 3000 .

161 3034 385 3087 Incaminata...
551 3072 567 3084 ..
843 3070 860 3082 ..

161 3116 388 3183 inhospitali...
1234 3157 1251 3170 ..

159 3282 319 3347 Iugranario
1047 3316 1064 3328 ..
1145 3316 1162 3330 ..

158 3364 308 3429 Inpistrino
453 3399 481 3413 ..
853 3398 859 3410 .
950 3396 956 3410 .
1243 3403 1259 3415 ,,

159 3446 201 3498 nd
213 3447 341 3497 introitum
353 3453 479 3510 portae
754 3480 759 3492 .

157 3526 424 3579 Benedictiolactiset
437 3526 516 3576 mellis

156 3608 305 3661 Benedictio
317 3610 409 3659 fructus
422 3608 480 3658 novi
948 3644 964 3658 ..

156 3691 377 3743 Benedictioutae
558 3729 574 3739 ..

155 3772 388 3838 Benedictiopunis
560 3811 575 3821 ..

154 3854 409 3907 Benedictioincensi
451 3891 479 3908 ...
840 3889 867 3902 ..
1230 3894 1246 3906 ..

154 3936 430 3989 Benedictioarborum
755 3973 770 3984 ..
852 3972 867 3983 ..

153 4018 304 4071 Benedictio
314 4036 475 4085 pomorum...
935 4051 951 4065 ..
1042 4053 1058 4065 ..

153 4100 301 4153 Benedictio
312 4103 343 4150 ad
357 4101 440 4150 omnia
451 4116 514 4165 quae
525 4098 632 4149 volueris
949 4134 965 4147 ..

153 4181 382 4247 Benedictioputei

153 4264 301 4315 Benedictio
313 4280 385 4328 super
397 4263 490 4313 sontem
503 4264 545 4312 ubi
557 4264 639 4327 aliqua
651 4262 803 4327 negligentia
812 4261 945 4327 contigerit

153 4346 241 4398 Oratio
252 4362 325 4410 super
335 4363 393 4395 vasa
405 4346 431 4394 in
444 4345 506 4395 locis
516 4346 625 4410 antiquis
637 4354 772 4410 reperta
1145 4385 1161 4396 ..

152 4426 301 4477 Benedictio
311 4428 415 4477 seminis

154 4508 270 4561 Probatiu
281 4510 433 4560 novitiorum
655 4548 671 4560 ..
