3038 5106
621 296 814 349 DOMINICA
835 297 968 351 bacar.

751 476 843 541 Alia.

242 588 376 652 Praesta
414 608 594 670 quesumus
631 589 845 671 omnipotens
882 589 965 652 deus
1002 596 1040 651 ut
1078 587 1135 651 filii
1173 587 1220 652 tui
1258 600 1408 653 uentura

197 674 435 756 sollempnitas.
463 686 496 738 et
526 676 709 759 praesentis
744 674 839 738 nobis
877 676 965 739 uitae
1002 677 1149 740 remedia
1185 677 1338 740 conserat
1370 687 1407 740 et

198 762 346 842 praemia
361 772 495 825 aeterna
511 764 680 827 concedat.
696 784 755 846 per
769 763 921 826 eundem.

754 900 845 963 fllia

245 1011 381 1074 Praeces
406 1012 519 1093 populi
551 1010 599 1074 tui
629 1030 810 1093 quesumus
841 1012 976 1075 domine
1005 1012 1200 1093 clementer!
1226 1013 1282 1096 [io.
1311 1031 1407 1078 101v.

199 1099 331 1160 exaudi.
348 1110 385 1161 ut
400 1100 457 1179 qui
482 1100 586 1161 iustae
602 1118 663 1180 pro
679 1100 823 1179 peccatis
839 1099 959 1163 nostris
970 1099 1156 1182 affligimur.
1173 1101 1308 1185 pietatis
1324 1112 1408 1165 tuae

201 1185 390 1248 uisitatione
406 1185 623 1249 consolemur.
639 1206 707 1267 per.

691 1320 754 1384 Ad
765 1321 907 1385 mersam.

247 1433 340 1497 Deus
364 1435 420 1515 qui
446 1434 550 1497 tribus
576 1433 684 1517 pueris
716 1434 875 1516 mitigasti
907 1432 1060 1496 flammas
1090 1434 1224 1515 ignium.
1256 1435 1408 1497 concede

202 1522 371 1603 propitius.
390 1531 426 1584 ut
442 1542 502 1585 nos
518 1521 660 1584 famulos
683 1531 758 1585 tuos
781 1541 847 1583 non
872 1530 992 1584 exurat
1011 1520 1144 1583 flamma
1162 1521 1328 1584 uitiorum.
1347 1542 1409 1603 per

201 1608 384 1672 dominum.

734 1727 871 1794 Secreta.

248 1839 423 1906 Sacrificiis
439 1841 668 1921 praesentibus
683 1841 818 1904 domine
837 1861 1017 1922 quesumus
1040 1839 1190 1924 placatus
1206 1840 1353 1905 intende.
1372 1853 1409 1906 ut

203 1937 237 1990 et
253 1928 423 1990 deuotioni
440 1939 572 1990 nostrae
589 1927 763 2010 proficiant
779 1937 812 1989 et
828 1927 935 1990 saluti.
952 1948 1019 2010 per.

712 2066 894 2148 Praefatio.

249 2171 298 2235 st)
316 2180 448 2232 aeterne
464 2170 554 2233 deus.
600 2169 666 2251 Qui
695 2191 760 2232 non
788 2170 895 2232 solum
921 2180 1058 2253 peccata
1074 2171 1224 2234 dimittis.
1239 2171 1296 2235 sed
1315 2171 1410 2255 ipsos

205 2259 305 2320 etiam
323 2256 479 2319 iustificas
507 2268 704 2338 peccatores.
720 2267 755 2319 et
782 2258 843 2320 reis
869 2278 935 2319 non
961 2268 1091 2321 tantum
1120 2279 1245 2339 poenas
1265 2258 1410 2322 relaxas.

205 2345 263 2406 sed
294 2345 384 2406 dono
418 2344 544 2426 largiris
573 2354 607 2406 et
638 2345 792 2424 praemia.
839 2343 941 2408 Cuius
969 2366 1028 2406 nos
1053 2347 1209 2424 pietatem
1238 2346 1411 2427 supplices

205 2452 384 2493 exoramus
418 2441 455 2492 ut
488 2431 543 2512 qui
577 2431 705 2492 ieiuniis
736 2443 769 2494 et
799 2432 886 2494 uotis
917 2431 1156 2513 sollempnibus
1194 2433 1410 2495 natiuitatem

207 2519 366 2595 unigeniti
384 2519 430 2579 tui
448 2519 687 2598 praeuenimus.
705 2517 790 2579 illius
814 2520 903 2579 dono
919 2527 952 2579 et
969 2520 1152 2599 praesentis
1175 2519 1263 2581 uitae
1280 2530 1410 2601 pertur-

206 2605 395 2666 bationibus
422 2625 600 2666 careamus
616 2615 649 2667 et
674 2616 808 2667 aeterna
833 2626 971 2668 munera
995 2606 1174 2687 capiamus
1220 2628 1279 2689 per
1304 2627 1408 2688 quem

207 2694 413 2754 maiestatem
431 2701 531 2754 tuam.

654 2812 715 2875 Ad
725 2812 950 2893 corrrplendrcm.

251 2913 441 2995 Quesumus
458 2915 592 2975 domine
607 2915 688 2977 deus
713 2926 831 2978 noster.
849 2926 885 2978 ut
901 2913 1128 2986 sacrosancto†
1147 2916 1305 2996 mysteria
1321 2937 1412 2998 quae

208 3022 266 3083 pro
284 3003 499 3081 reparationis
519 3015 650 3063 nostrae
675 3004 857 3064 munimine
880 3003 1057 3065 contulisti.
1073 3013 1107 3065 et
1130 3023 1286 3086 praesens
1309 3004 1411 3067 nobis

208 3088 388 3150 remedium
406 3110 477 3150 esse
494 3088 593 3150 facias
610 3101 643 3151 ct
660 3089 816 3151 futurum.
833 3111 900 3172 per.

626 3267 822 3330 Donrnrcn
847 3267 985 3330 Uncnr.

251 3397 372 3458 Excita
404 3396 540 3457 domina
571 3396 754 3476 potentiam
785 3405 877 3457 tuam
909 3406 941 3457 et
974 3397 1056 3458 ueni.
1090 3405 1123 3457 et
1154 3415 1278 3477 magna
1309 3397 1412 3460 nobis

207 3484 327 3545 uirtute
360 3503 518 3544 succurre.
548 3492 585 3543 ut
623 3503 682 3563 per
712 3482 873 3543 auxilium
906 3484 1033 3562 gratiae
1065 3494 1142 3544 tuae
1173 3484 1262 3563 quod
1294 3495 1414 3545 nostra

207 3580 342 3653 peccata
367 3569 593 3650 praepediunt.
618 3567 860 3650 indulgentiael
876 3581 953 3632 tuae
970 3570 1215 3652 propitiationis
1239 3570 1413 3634 acceleret.

210 3659 275 3740 Qui
293 3658 384 3718 uiuis.

743 3776 879 3840 Secreta.

253 3879 427 3944 Sacrificiis
453 3879 679 3961 praesentibus
705 3880 839 3942 domine
866 3879 1016 3960 placatus
1042 3879 1183 3942 intende.
1201 3889 1237 3942 ut
1258 3879 1415 3943 etdeuo-

208 3970 289 4033 tioni
306 3980 437 4030 nostrae
453 3967 627 4050 proficiant
643 3964 691 4049 ets
707 3965 813 4028 saluti.
827 3987 885 4048 per
901 3967 1074 4029 dominum
1091 3983 1250 4029 nostrum.
1265 3966 1321 4048 [fo.
1341 3985 1411 4031 102.

714 4099 896 4180 Praefatio.

253 4210 302 4272 (l)
320 4228 377 4289 per
400 4205 558 4268 christum
586 4203 758 4266 dominum
785 4213 944 4268 nostrum.
1004 4204 1112 4286 Quem
1139 4204 1297 4266 iohannes
1317 4226 1414 4285 prae-

209 4297 308 4358 cessit
324 4293 498 4356 nascendo.
515 4301 548 4353 et
575 4292 606 4352 in
632 4292 770 4353 desertis
793 4291 917 4353 heremi
935 4292 1163 4372 praedicando
1180 4292 1261 4354 etin
1280 4290 1415 4355 fluentis

211 4383 387 4445 iordanicis
417 4379 626 4460 baptizando,
654 4387 688 4439 ct
725 4378 766 4440 ad
806 4377 968 4439 insemum
1005 4379 1247 4440 descendendo
1307 4376 1415 4441 Cuius

211 4470 397 4533 uenerande
429 4466 613 4529 natiuitatis
644 4465 797 4546 proxime
828 4473 967 4527 uentura
997 4463 1234 4547 sollempnitas.
1265 4464 1313 4528 ita
1351 4485 1415 4529 nos
