3038 5106
151 336 198 385 194
391 322 463 374 IIII.
493 322 582 375 NON.
612 322 698 376 Avo.
728 323 816 374 ΝΑΤ.
846 323 874 375 S.
904 323 1107 375 STEPHANI.

149 476 223 539 tius.
250 482 288 539 ut
312 472 406 537 cuius
429 472 628 537 eruditione¹
659 471 813 538 caelestis
840 472 930 538 uitae
956 473 1080 557 gaudia
1103 494 1353 557 consequamur.

149 582 214 644 per.

685 686 822 752 Secreta.

194 800 319 866 Oblata
334 800 503 863 seruitutis
519 808 652 862 nostrae
667 819 804 863 munera
820 799 880 863 tibi
896 799 1031 864 domine
1046 820 1230 882 quesumus
1246 822 1356 865 annua

151 888 256 951 sancti
273 887 375 970 patris
391 888 495 949 nostri
512 885 717 950 atheluuoldi
731 887 877 969 episcopi
893 887 1123 970 sollempnitas
1138 891 1355 953 commendet

151 986 295 1056 accepta.
312 984 350 1037 ut
365 975 436 1036 eius
452 976 507 1055 pia
531 973 774 1055 supplicatione
799 975 917 1037 muniti
942 984 1138 1037 cunctorum
1161 986 1355 1039 nostrorum

152 1063 376 1125 remissionem
394 1061 632 1143 peccaminum.
648 1071 683 1123 et
698 1060 913 1124 beatitudinis
929 1064 1150 1144 sempiternae
1165 1082 1357 1127 mereamur

150 1148 299 1213 obtinere
314 1148 525 1211 consortium.
542 1167 601 1229 per
615 1148 788 1210 dominum
804 1160 963 1211 nostrum.

660 1284 840 1365 Praefatio.

196 1398 245 1461 ff)
270 1407 402 1460 aeterne
426 1397 516 1459 deus.
562 1394 730 1478 Quoniam
762 1398 856 1459 adest
881 1398 977 1460 nobis
1001 1397 1144 1460 iocunda
1169 1408 1206 1461 et
1236 1400 1356 1463 uotiua

152 1485 333 1567 praesentis
358 1484 422 1547 diei
450 1483 584 1545 laetitia.
600 1503 701 1564 quam
728 1483 901 1565 apostolici
926 1484 1079 1547 culminis
1101 1485 1229 1548 honore
1251 1485 1356 1549 subli-

153 1569 255 1646 men.†
271 1590 430 1651 roseoque
457 1570 605 1651 martyrii
633 1590 748 1633 cruore
777 1570 994 1653 sollempnem
1026 1572 1159 1653 gloriosi
1184 1572 1356 1654 pontilicis

151 1657 356 1722 atheluuoldi
389 1658 548 1720 moderna
578 1656 789 1720 caelebritate
819 1659 1026 1721 consecrasti.
1057 1668 1091 1721 et
1120 1679 1216 1741 spem
1256 1661 1358 1724 nobis

152 1755 244 1808 tante
269 1743 407 1807 fiduciae
438 1743 615 1806 contulisti.
643 1753 681 1806 ut
711 1764 772 1806 nos
803 1745 948 1826 paternis
979 1746 1049 1807 eius
1079 1744 1247 1827 suffragiis
1273 1756 1309 1810 et
1335 1769 1356 1810 a

151 1841 361 1913 peccatorum
387 1840 574 1894 nostrorum
605 1830 748 1893 nexibus
778 1832 896 1894 soluas
925 1842 958 1895 et
988 1833 1030 1895 ad
1062 1851 1163 1914 regna
1193 1833 1355 1898 caelestia

151 1921 319 2000 perducas
335 1928 368 1981 et
384 1918 467 1981 ideo,

595 2054 657 2117 Ad
667 2055 892 2135 complendum.

195 2166 350 2230 Refectos
374 2167 509 2230 dominc
536 2167 647 2229 uitalis
676 2165 853 2230 alimoniae
882 2169 1105 2231 sacramentis.
1132 2169 1239 2231 sancti
1271 2190 1352 2233 con·

151 2252 281 2317 sessoris
319 2254 365 2316 tui
403 2252 609 2316 atheluuoldi
647 2254 793 2335 episcopi
832 2252 976 2335 gloriosa
1012 2275 1073 2318 nos
1111 2255 1351 2319 intercessione

150 2349 295 2423 protege.
320 2350 355 2404 et
381 2339 422 2402 ad
448 2350 618 2403 aeternum
646 2339 797 2404 caelestis
822 2361 935 2404 mense
958 2342 1151 2405 conuiuium
1176 2344 1351 2424 peruenire

149 2429 301 2491 concede.
318 2448 383 2510 per.

623 2558 686 2621 Ad
696 2571 869 2641 uesperum.

193 2670 336 2753 Gregem
360 2682 453 2733 tuum
471 2681 584 2753 pastor
599 2679 752 2734 aeternae
767 2691 934 2734 conserua.
950 2681 984 2734 et
1008 2673 1053 2754 pii
1069 2672 1151 2751 lsus-
1173 2672 1230 2755 [so.
1259 2690 1351 2754 139v.

149 2758 322 2839 fragatoris
365 2758 570 2821 atheluuoldi
613 2759 715 2839 patris
755 2759 857 2821 nostri
897 2759 1089 2822 defensione
1129 2762 1280 2842 guberna
1309 2772 1349 2825 ut

151 2846 244 2906 cuius
260 2843 502 2919 beniuolentia†
518 2853 721 2927 prouocante
747 2846 879 2926 superni
905 2847 1025 2908 amoris
1050 2845 1226 2910 dulcedine
1243 2850 1351 2930 pasci-

150 2951 229 2994 mur.
246 2933 315 2993 eius
332 2934 517 2994 interuentu
542 2931 777 3013 patrocinante.
802 2940 836 2993 et
860 2952 879 2993 a
906 2932 1096 3014 temporalis
1114 2935 1203 2996 uitae
1219 2946 1350 3016 pertur-

149 3018 338 3080 bationibus
354 3038 506 3080 eruamur
525 3028 558 3081 ct
575 3018 736 3080 mansuris
760 3038 976 3100 supernorum
1005 3021 1127 3083 ciuium
1150 3022 1283 3103 gaudiis
1299 3022 1350 3084 in-

149 3125 302 3167 secamur.
320 3126 378 3186 per
392 3105 565 3168 dominum
583 3114 740 3167 nostrum.

194 3315 260 3364 ιιιι.
286 3302 381 3365 Νοιι.
406 3302 501 3365 Auo.
527 3300 681 3362 Numan
705 3298 847 3364 Snucrr
872 3301 1065 3366 Suannmn
1090 3302 1301 3369 Μιιιιιιιιιε.

194 3431 286 3493 Deus
312 3432 368 3512 qui
399 3451 459 3493 nos
485 3428 574 3491 beati
602 3428 753 3511 stephani
789 3431 942 3512 martyris
973 3432 1020 3494 tui
1050 3442 1151 3513 atque
1181 3434 1354 3516 pontificis

150 3538 260 3580 annua
286 3518 532 3600 sollempnitate
564 3515 728 3577 laetificas.
760 3516 945 3600 conce[de²]
977 3519 1147 3600 propitius
1179 3531 1216 3582 ut
1255 3522 1353 3585 cuius

151 3605 304 3667 natalicia
319 3605 466 3667 colimus.
483 3605 525 3667 dc
541 3603 687 3665 eiusdem
711 3604 812 3666 etiam
837 3606 1042 3686 protectione
1057 3607 1273 3686 gaudeamus
1291 3629 1353 3690 per

149 3691 321 3754 dominum
339 3701 496 3754 nostrum.

680 3826 816 3890 Secreta.

195 3941 335 4003 Munera
359 3940 419 4003 tibi
444 3940 579 4003 domine
605 3940 716 4002 dicata
739 3938 916 4004 sanctifica.
941 3950 975 4004 et
1002 3942 1228 4006 intercedente
1247 3942 1352 4007 beato

149 4028 311 4177 stephpno
327 4036 471 4107 martyre
497 4039 555 4089 tuo
579 4035 679 4107 atque
706 4025 862 4108 pontifice
888 4048 946 4110 per
969 4030 1085 4092 eadem
1112 4048 1172 4091 nos
1196 4029 1351 4111 placatus

150 4115 240 4177 inten
266 4134 284 4177 e
308 4134 374 4195 per.

182 4231 189 4264 ¹
207 4233 354 4297 Something
373 4232 418 4282 has
426 4231 581 4346 apparently
592 4232 655 4281 been
672 4231 776 4282 omitted
788 4232 813 4282 in
826 4233 868 4283 the
881 4233 937 4282 MS.
951 4242 975 4283 at
988 4234 1037 4283 this
1082 4235 1126 4285 int.
1164 4235 1240 4284 From
1251 4252 1267 4284 a
1278 4252 1346 4285 mass

148 4299 187 4348 lor
203 4300 244 4348 the
261 4315 329 4349 sante
341 4299 397 4362 day
410 4297 468 4347 citer
494 4298 534 4372 by
539 4298 589 4346 Μι.
603 4296 707 4346 Warren
722 4296 787 4346 from
803 4298 846 4347 the
862 4297 955 4348 Cotton
973 4299 1028 4350 MS.
1068 4299 1159 4350 itellius
1175 4301 1208 4351 Α.
1228 4300 1309 4361 xiiii,
1322 4302 1341 4351 it

147 4364 230 4413 would
249 4380 316 4413 seem
336 4364 389 4413 that
407 4363 450 4412 the
463 4361 570 4438 missing
587 4362 669 4411 words
686 4378 728 4412 are
748 4363 864 4413 raritatis
879 4370 937 4413 tuac
947 4364 1254 4429 lrrcepersuudimureircr
1264 4366 1343 4415 inter·

145 4430 248 4479 cessione
259 4431 311 4488 (see
322 4427 419 4478 Leosric
432 4426 528 4485 Missal‚
542 4443 567 4491 p.
581 4427 636 4491 306.
642 4429 651 4488 l

177 4491 188 4524 ¹
204 4494 315 4558 Syllable
324 4492 448 4544 omitted
441 4508 467 4543 ιιι
480 4493 535 4543 MS.
