3038 5106
411 383 526 434 IIEBD.
561 383 588 433 V.
617 383 754 446 QUADR.
800 384 952 435 SABBAT
951 385 979 435 0.

602 561 783 642 Praefatio.

142 673 192 737 (D
208 682 343 736 aeterne
358 673 448 737 deus.
495 671 561 755 Qui
577 675 624 736 sic
640 674 736 737 nobis
752 675 868 738 tribuis
892 675 1077 757 sollempne
1094 676 1154 739 tibi
1171 677 1298 741 deferre

93 760 262 823 ieiunium.
288 769 324 823 ut
355 761 581 843 indulgentiae
611 770 689 824 tuae
719 783 889 844 speremus
926 783 986 825 nos
1017 765 1187 845 percipere
1218 766 1294 827 sub-

94 846 227 910 sidium.
245 846 301 912 Sic
322 868 383 910 nos
410 848 554 911 instituis
580 849 623 911 ad
640 848 859 911 caelebranda
876 849 1045 930 paschalia
1070 851 1163 914 testa.
1181 863 1216 916 ut
1240 874 1298 934 per

94 932 179 996 haec
194 935 407 1016 adquiramus
423 936 544 1018 gaudia
561 937 769 1016 sempiterna.
786 957 844 1018 per
859 938 1026 1000 christum.

550 1069 613 1132 Ad
623 1071 847 1152 coruplcrrdurrr.

113 1212 116 1217 ·
141 1171 240 1255 Quod
264 1193 321 1236 ore
343 1175 545 1256 sumpsimus
568 1176 703 1237 domine
728 1186 839 1237 mente
856 1176 1035 1257 capiamus
1052 1177 1144 1238 etde
1161 1197 1295 1239 munere

94 1262 279 1341 temporali.
297 1260 354 1325 fiat
370 1263 465 1325 nobis
482 1263 662 1325 remedium
680 1262 927 1343 sempiternum.
945 1284 1004 1343 per
1019 1263 1200 1326 dominum.

561 1399 668 1480 Super
674 1398 836 1480 populum.

141 1501 288 1581 lAdesto
311 1523 492 1584 quesumus
515 1504 650 1566 domine
673 1504 834 1584 propitius
862 1502 950 1585 plebi
990 1512 1075 1565 tuae.
1099 1514 1133 1566 et
1163 1504 1218 1586 [so.
1246 1507 1294 1583 56.

94 1608 181 1669 quae
197 1591 256 1654 tibi
274 1611 340 1652 non
364 1591 504 1672 placent.
530 1611 686 1671 respuens
710 1601 841 1654 tuorum
865 1591 976 1671 potius
1000 1590 1164 1672 repleatur
1186 1593 1294 1655 delec-

95 1677 278 1739 tationibus
295 1680 537 1741 mandatorum.
554 1698 613 1760 per
624 1678 806 1740 dominum.

619 1864 740 1926 Frsma
764 1863 823 1926 VI.

139 1984 303 2049 Cordibus
327 1984 446 2047 nostris
468 1986 603 2048 domine
626 1988 765 2066 gratiam
790 1994 881 2045 tuam
906 1984 1068 2065 benignus
1091 1984 1234 2046 infunde.
1260 1996 1295 2047 ut

95 2082 231 2153 peccata
255 2082 368 2133 nostra
390 2074 609 2154 castigatione
632 2072 819 2134 uoluntaria
845 2072 1045 2134 cohibentes.
1070 2072 1295 2153 temporaliter

97 2161 206 2239 potius
245 2178 449 2220 maceremur
485 2180 585 2240 quam
623 2159 793 2242 suppliciis
824 2159 1023 2240 deputemur
1051 2160 1199 2221 aeternis.
1237 2180 1295 2239 per

94 2246 267 2308 dominum
284 2256 443 2308 nostrum.

627 2350 764 2413 Secreta.

140 2452 276 2515 Praesta
303 2452 400 2515 nobis
429 2453 612 2516 misericors
627 2454 710 2515 deus
731 2468 767 2514 ut
783 2450 904 2533 dignae
925 2453 990 2514 tuis
1017 2453 1139 2514 seruire
1164 2474 1294 2534 semper

95 2538 254 2602 altaribus
282 2560 476 2604 mereamur.
506 2550 540 2603 et
569 2560 683 2603 eorum
708 2551 869 2622 perpetua
894 2541 1148 2622 participatione
1164 2541 1293 2602 saluari.

95 2646 163 2707 per.

566 2784 572 2799 .
608 2730 788 2810 Praefatio.

139 2846 191 2911 (D
212 2855 346 2909 aeterne
373 2842 463 2906 deus.
513 2842 614 2906 Cuius
640 2862 700 2904 nos
725 2842 947 2905 misericordia
965 2842 1136 2924 praeuenit
1152 2852 1187 2903 ut
1211 2843 1294 2904 bene

97 2952 244 3013 agamus.
261 2932 472 3011 subsequitur
488 2950 529 2991 ne
546 2929 665 2991 frustra
684 2949 831 3009 agamus.
877 2928 1042 2991 Accendit
1067 2931 1294 2993 intentionenr.

96 3038 161 3101 qua
186 3020 229 3082 ad
254 3020 343 3081 bona
369 3037 470 3098 opera
492 3017 681 3098 peragenda
706 3017 958 3078 inardescamus.
976 3017 1088 3078 tribuit
1105 3016 1295 3078 efficaciam.

94 3126 162 3187 qua
198 3106 281 3169 haec
321 3106 363 3167 ad
403 3102 585 3186 perlectum
626 3104 804 3183 perducere
835 3103 1013 3165 ualeamus.
1075 3104 1104 3165 T
1107 3125 1183 3165 uam
1216 3125 1295 3185 ergo

96 3193 308 3257 clementiam
327 3190 497 3253 indefessis
513 3190 649 3251 uocibus
662 3190 881 3252 obsecramus.
899 3202 934 3253 ut
951 3211 1011 3252 nos
1025 3191 1135 3252 ieiunii
1153 3191 1295 3252 uictimis

96 3280 273 3363 apeccatis
289 3280 467 3341 mundatos
488 3280 529 3340 ad
554 3276 806 3339 caelebrandam
832 3278 992 3358 unigeniti
1016 3277 1074 3339 filii
1098 3279 1145 3340 tui
1169 3278 1295 3340 domini

96 3370 199 3433 nostri
216 3369 406 3451 passionem
421 3365 522 3428 facias
538 3384 609 3426 esse
626 3365 773 3426 deuotos.
790 3386 848 3445 per
863 3384 971 3445 quem.

553 3492 615 3555 Ad
625 3492 847 3572 corrrplcndurrr.

140 3598 276 3681 Sumpti
303 3597 451 3661 sacrificii
476 3596 612 3660 domine
637 3606 797 3678 perpetua
822 3615 882 3658 nos
910 3598 1006 3659 tuitio
1031 3617 1096 3660 non
1126 3596 1299 3677 relinquat.

97 3695 130 3750 et
145 3688 251 3749 noxia
266 3706 397 3767 semper
413 3684 540 3747 anobis
556 3694 675 3746 cuncta
690 3683 844 3763 depellat.
862 3705 920 3766 per
935 3685 1108 3746 dominum
1127 3696 1286 3746 nostrum.

548 3810 577 3876 S
578 3823 657 3893 uper·
662 3811 826 3893 populum.

141 3926 298 3993 Concede
313 3945 492 4009 quesumus
507 3926 720 4006 omnipotens
736 3926 818 3987 deus
841 3935 877 3987 ut
901 3926 956 4005 qui
981 3926 1195 4005 protectionis
1219 3935 1296 3989 tuae

98 4016 239 4097 gratiam
263 4014 455 4095 quaerimus
482 4012 608 4074 liberati
634 4032 653 4073 a
677 4011 772 4073 malis
795 4012 949 4073 omnibus
972 4033 1085 4075 secura
1109 4014 1167 4076 tibi
1185 4026 1296 4075 mente

97 4103 288 4165 sentiamus
304 4121 363 4183 per
377 4100 550 4163 dominum
567 4109 725 4161 nostrum.

612 4258 791 4322 Sapunto,

141 4372 313 4457 lProficiat
339 4392 521 4455 quesumus
546 4370 682 4433 domine
709 4370 804 4452 plebs
828 4371 888 4434 tibi
914 4371 1024 4434 dicata
1050 4373 1125 4453 piae
1152 4372 1207 4453 [s0.
1227 4375 1296 4453 56r.

98 4461 288 4535 deuotionis
301 4458 431 4523 affectu.
449 4470 486 4522 ut
503 4459 604 4521 sacris
625 4458 812 4520 actionibus
830 4459 967 4521 erudita.
991 4470 1117 4539 quanto
1133 4461 1296 4523 maiestati

98 4560 175 4613 tuae
186 4548 225 4613 fit
240 4548 374 4631 gratior.
389 4558 485 4611 tanto
499 4546 596 4609 donis
611 4544 796 4628 potioribus
812 4559 979 4628 augeatur.
996 4565 1061 4627 per.

1101 4646 1124 4696 G
1150 4651 1168 4695 2
