3038 5106
526 328 618 379 DOM.
646 328 685 379 II.
715 326 813 377 POST
834 326 1090 385 THEOPHANIA.

487 543 685 609 Doururcn
711 545 734 607 1.
759 556 848 607 Posr
871 543 1137 607 Tnsorrmum.

252 678 344 742 Uota
358 699 539 760 quesumus
554 679 689 742 domine
705 677 923 761 supplicantis
939 677 1052 760 populi
1068 678 1116 740 tui
1134 677 1267 742 caelesti
1283 679 1410 761 pietate

207 785 413 848 prosequere.
425 777 461 828 ut
477 775 510 828 et
526 786 612 848 quae
628 767 759 847 agenda
774 775 853 828 sunt
868 766 1012 829 uideant.
1028 766 1120 829 etad
1137 767 1307 847 implenda
1322 786 1410 849 quae

206 853 351 916 uiderint
366 852 610 917 conualescant.
625 874 693 936 per.

738 988 876 1053 Secreta.

249 1092 410 1158 Oblatum
427 1094 487 1157 tibi
503 1094 638 1157 domine
653 1093 849 1156 sacrificium
865 1092 1011 1156 uiuificet
1027 1113 1087 1156 nos
1102 1091 1249 1179 [semper
1264 1095 1320 1178 [fo
1339 1097 1409 1176 38v.

204 1192 238 1244 et
255 1185 389 1245 muniat.
407 1202 466 1263 per
481 1182 663 1245 dominum.

723 1291 906 1372 Praefatae.

250 1399 299 1461 (D
315 1409 450 1460 aeterne
466 1397 556 1460 deus.
603 1395 692 1478 Quia
707 1417 783 1460 cum
801 1396 991 1477 unigenitus
1007 1408 1083 1460 tuus
1100 1408 1256 1479 utsupra.

658 1530 720 1593 Ad
729 1531 954 1613 conptlcndum.

249 1632 424 1715 Supplices
449 1645 482 1696 te
508 1655 663 1716 rogamus
687 1636 900 1717 omnipotens
925 1637 1016 1699 deus,
1041 1647 1078 1700 ut
1102 1657 1186 1718 quos
1211 1638 1277 1701 tuis
1302 1637 1409 1701 reficis

204 1723 428 1870 saqramentis.
444 1721 505 1784 tibi
528 1724 629 1784 etiam
645 1721 776 1803 placitis
794 1724 940 1786 moribus
956 1724 1133 1805 dignanter
1148 1726 1313 1788 deseruire
1329 1746 1408 1788 con-

205 1828 242 1868 ce
267 1828 311 1871 as.
327 1829 394 1889 per.

669 1920 778 2002 Super
783 1923 946 2003 populum.

249 2021 418 2086 Conserua
432 2024 567 2086 domine
583 2044 762 2105 quesumus
784 2025 943 2089 familiam
967 2036 1059 2089 tuam
1082 2037 1115 2089 et
1138 2027 1408 2092 benedictionum

206 2118 336 2171 tuarum
355 2112 516 2192 propitius
532 2111 684 2174 ubertate
707 2108 851 2193 purifica.
869 2124 905 2175 ut
928 2114 1168 2177 eruditionibus
1192 2116 1257 2177 tuis
1278 2135 1411 2198 semper

207 2197 444 2279 multiplicetur
457 2207 492 2259 et
507 2199 611 2262 donis
628 2219 686 2281 per
701 2200 874 2262 dominum
891 2212 1049 2263 nostrum.

474 2363 674 2430 Dornnrcn
699 2366 742 2430 Il.
768 2380 858 2431 rost
880 2366 1147 2431 Tnsommnm.

251 2500 473 2585 Omnipotens
489 2504 689 2584 sempiterne
712 2504 793 2566 deus
816 2503 872 2585 qui
903 2503 1059 2566 caelestia
1088 2503 1186 2567 simul
1215 2514 1250 2569 et
1279 2515 1410 2570 terrena

211 2590 399 2652 moderaris
416 2590 674 2673 supplicationes
691 2592 804 2672 populi
828 2592 875 2653 tui
898 2589 1078 2654 clementer
1093 2593 1225 2656 exaudi.
1241 2603 1275 2656 et
1291 2614 1408 2676 pacem

207 2688 298 2738 tuam
316 2679 437 2739 nostris
452 2678 598 2740 concede
610 2679 824 2759 temporibus.
842 2698 907 2759 per.

737 2811 874 2875 Secreta.

251 2921 375 2986 Oblata
391 2923 526 2985 domine
544 2944 680 2986 munera
698 2924 877 2987 sanctifica.
902 2945 1029 3007 nosque
1053 2946 1072 2987 a
1097 2936 1308 3008 peccatorum
1334 2948 1410 2991 nos-

207 3018 333 3072 trorum
351 3011 489 3073 maculis
505 3011 660 3073 emunda.
677 3032 742 3092 per.

700 3138 881 3219 Praefattb.

252 3246 301 3308 (D
327 3256 459 3307 aeterne
486 3244 576 3306 deus,
623 3242 829 3326 Semperque
854 3245 993 3306 uirtutes
1018 3252 1051 3305 et
1075 3242 1189 3305 laudes
1213 3251 1288 3304 tuas
1313 3240 1409 3304 labiis

208 3333 424 3396 exultationis
440 3331 540 3393 effari.
556 3331 613 3412 qui
637 3331 733 3392 nobis
757 3333 799 3392 ad
823 3331 1019 3393 releuandos
1043 3332 1136 3393 istius
1160 3332 1248 3392 uitae
1272 3329 1410 3391 labores,

207 3421 339 3482 diuersa
354 3419 517 3480 donorum
541 3427 672 3480 tuorum
689 3417 819 3479 solacia.
837 3428 870 3481 et
886 3437 1061 3480 munerum
1077 3416 1270 3479 salutarium
1286 3418 1411 3497 gaudia

207 3506 384 3569 contulisti.
399 3506 563 3567 mittendo
580 3504 675 3567 nobis
691 3506 796 3566 iesum
812 3505 972 3567 christum
988 3505 1162 3567 dominum
1180 3513 1338 3567 nostrum.
1351 3524 1411 3586 per

205 3613 314 3677 quem.

659 3703 721 3765 Ad
731 3702 955 3784 complendum.

251 3818 425 3898 Augeatur
441 3815 473 3877 in
491 3815 587 3878 nobis
603 3816 738 3879 domine
754 3835 943 3897 quesumus.
959 3824 1036 3877 tuae
1052 3814 1182 3877 uirtutis
1198 3814 1355 3895 operatio
1373 3826 1410 3877 ut

206 3904 327 3967 diuinis
352 3904 498 3983 uegetati
524 3904 749 3965 sacramentis.
765 3904 808 3965 ad
834 3923 948 3964 eorum
974 3904 1137 3984 promissa
1161 3902 1323 3983 capienda
1349 3911 1410 3964 tuo

206 4011 342 4054 munere
357 4009 599 4071 praeparemur.
616 4010 682 4071 per.

655 4170 658 4175 -
668 4121 698 4186 S
698 4132 777 4202 uper
782 4090 945 4203 populum.

249 4227 426 4289 Auxiliare
442 4227 578 4289 domine
601 4226 727 4308 populo
742 4237 809 4289 tuo,
826 4234 863 4287 ut
885 4243 999 4286 sacrae
1021 4224 1209 4287 deuotionis
1232 4221 1407 4306 proficiens

203 4314 422 4377 incrementis,
444 4325 478 4377 et
502 4324 561 4376 tuo
585 4333 716 4395 semper
740 4332 876 4374 munere
899 4310 1106 4392 gubernetur.
1130 4320 1164 4373 et
1188 4312 1229 4373 ad
1254 4311 1406 4394 redemp-

202 4402 302 4463 tionis
318 4411 452 4479 aeteme
468 4399 647 4485 spertineat
663 4412 696 4465 te
711 4401 853 4464 ducente
869 4397 1081 4465 consortium.
1093 4418 1152 4480 per
1164 4397 1271 4461 domi·
1286 4396 1343 4479 [lo.
1356 4415 1404 4479 39.

202 4508 290 4553 num.
