3038 5106
399 344 492 397 Dori.
518 345 561 396 VI.
582 344 678 395 POST
693 343 770 396 OCT.
791 344 1074 396 PENTECOSTEM
1297 359 1342 411 125

290 522 507 611 [Dounnca
521 523 562 587 V.
587 536 676 587 rosr
693 520 867 587 Ocrasas
889 522 1170 587 Pauracosrru.
1216 525 1273 607 [so.
1289 543 1339 605 90.
1406 538 1411 546 ·

184 654 241 719 Da
255 655 351 719 nobis
366 654 503 719 domine
517 672 698 735 quesumus
715 662 751 715 ut
767 662 801 715 et
819 653 933 715 mundi
951 672 1065 715 cursus
1086 652 1221 736 pacifice
1244 656 1339 717 nobis

138 752 201 807 tuo
237 743 354 805 ordine
390 742 560 822 dirigatur.
592 749 626 801 et
660 740 820 802 aecclesia
858 750 915 802 tua
950 741 1129 822 tranquilla
1162 743 1341 805 deuotione

138 830 289 893 laetetur.
306 848 365 911 per
380 828 554 891 dominum
575 835 734 889 nostrum.

672 963 809 1028 Secreta.

185 1076 422 1143 Oblationibus
452 1096 632 1158 quesumus
663 1078 798 1140 domine
823 1075 953 1159 placare
984 1079 1146 1159 susceptis
1177 1082 1274 1142 etad
1307 1092 1340 1143 te

139 1177 273 1230 nostras
309 1166 411 1227 etiam
458 1164 597 1227 rebelles
641 1163 806 1247 compelle
845 1164 1007 1245 propitius
1046 1166 1244 1229 uoluntates.
1283 1190 1341 1251 per

139 1252 316 1317 dominum
333 1262 493 1315 nostrum.

649 1375 831 1455 Praefatio.

187 1490 238 1555 G)
261 1497 394 1552 aeterne
410 1488 501 1550 deus,
547 1486 760 1549 Maiestatem
778 1496 870 1550 tuam
887 1487 1079 1570 suppliciter
1093 1489 1341 1572 depraecantes

141 1586 182 1641 ut
211 1596 309 1659 opem
333 1585 425 1638 tuam
454 1575 643 1655 petentibus
670 1574 849 1655 dignanter
881 1575 1062 1655 impendas,
1094 1587 1128 1640 et
1152 1580 1340 1643 desideran-

142 1663 234 1727 tibus
270 1662 434 1744 benignus
465 1661 590 1723 tribuas
629 1661 843 1743 profuturam.
883 1682 940 1744 per
970 1662 1128 1725 christum
1167 1664 1340 1731 dominum

143 1760 304 1814 nostrum.

600 1868 632 1931 A
635 1868 662 1929 d
672 1867 898 1949 complendum.

188 1980 350 2065 Mysteria
365 2001 426 2044 nos
438 1980 573 2044 domine
587 1990 704 2044 sancta
719 1979 892 2062 purificent
909 1990 942 2044 et
952 2001 1013 2044 suo
1029 2003 1163 2048 munere
1180 1995 1342 2051 tueantur.

143 2090 204 2153 per
218 2070 391 2133 dominum
408 2079 568 2131 nostrum.

602 2204 710 2286 Super
723 2205 887 2286 populum.

188 2318 344 2385 Concede
366 2338 547 2401 quesumus
570 2317 705 2379 domine
730 2317 856 2399 populo
879 2327 939 2380 tuo
962 2318 1093 2381 ueniam
1122 2333 1341 2402 pcccatorum.

142 2416 182 2471 ut
196 2406 287 2489 quod
311 2407 437 2468 meritis
461 2424 526 2466 non
551 2404 741 2486 praesumit.
766 2404 994 2485 indulgentiae
1010 2416 1066 2484 tue
1093 2407 1244 2491 largitate
1269 2434 1343 2496 per·

141 2494 257 2577 cipiat.
273 2512 331 2575 per
346 2492 518 2555 dominum
536 2503 694 2554 nostrum.

294 2678 494 2741 noma-rei
517 2676 578 2739 VI.
603 2690 693 2739 nosr
717 2674 890 2739 Ocrnuns
916 2678 1197 2745 Psurrcosres.

188 2798 281 2862 Deus
295 2800 353 2880 qui
376 2796 593 2878 diligentibus
616 2805 650 2858 te
669 2795 757 2858 bona
774 2795 954 2858 inuisibilia
977 2804 1188 2879 praeparasti.
1207 2804 1343 2871 infunde

141 2885 299 2949 cordibus
314 2886 436 2948 nostris
460 2884 507 2947 tui
524 2884 647 2945 amoris
662 2882 828 2945 affectum.
845 2894 881 2947 ut
898 2893 931 2945 te
954 2885 985 2945 in
1011 2887 1164 2951 omnibus
1187 2904 1220 2953 et
1245 2914 1344 2976 super

142 2973 259 3036 omnia
295 2972 480 3051 diligentes.
513 2970 748 3050 promissiones
779 2979 854 3031 tuas
891 2991 977 3052 quae
1011 2993 1110 3037 omne
1140 2978 1341 3044 desiderium

141 3067 303 3143 superant
318 3076 569 3140 consequamur.
587 3076 652 3138 per.

675 3176 812 3239 Secreta.

189 3282 373 3365 Propitiare
396 3280 532 3344 domine
555 3278 854 3361 supplicationibus
879 3282 1008 3344 nostris.
1025 3295 1058 3346 et
1075 3284 1134 3347 has
1158 3288 1344 3357 oblationes

143 3370 345 3433 famulorum
361 3379 494 3431 tuorum
512 3367 675 3449 benignus
691 3387 831 3429 assume.
849 3377 884 3429 ut
901 3370 990 3448 quod
1015 3371 1135 3453 singuli
1152 3379 1344 3458 optulerunt

142 3458 187 3607 gd
227 3456 387 3557 bonorem
418 3454 562 3517 nominis
593 3454 640 3516 tui
675 3454 802 3516 cunctis
840 3454 992 3536 proficiat
1023 3460 1065 3521 ad
1100 3460 1249 3529 salutem.
1286 3489 1345 3549 per

170 3562 331 3606 ominum.

657 3660 837 3739 Praefatio.

186 3774 254 3859 lff)
276 3784 410 3838 aeterne
440 3772 534 3836 deus.
565 3793 624 3855 per
649 3772 808 3835 christum
834 3775 1007 3839 dominum
1040 3792 1198 3845 nostrum.
1222 3783 1343 3865 [so.90¹

145 3882 265 3925 uerum
288 3874 527 3942 aeternumque
554 3858 747 3942 pontificem
772 3869 805 3921 et
829 3862 937 3922 solum
962 3865 1033 3926 sine
1064 3870 1189 3947 peccati
1215 3876 1345 3937 macula

143 3948 364 4011 sacerdotem.
410 3948 512 4011 Cuius
535 3947 697 4029 sanguine
720 3946 868 4009 fidelium
893 3950 993 4011 corda
1020 3955 1227 4018 mundantur.
1252 3964 1345 4024 cuius

148 4032 388 4107 institutionis?
413 4034 610 4115 placationis
640 4033 767 4095 hostias
799 4035 858 4096 tibi
890 4056 955 4097 non
987 4040 1094 4101 solum
1127 4063 1186 4122 pro
1216 4046 1346 4111 delictis

143 4122 261 4207 populi
283 4122 464 4186 sedetiam
489 4142 549 4203 pro
565 4121 687 4183 nostris
703 4119 943 4184 offensionibus
967 4124 1188 4191 immolamus,
1235 4133 1344 4198 Tuam

140 4219 322 4295 poscentes
337 4208 558 4272 clementiam.
579 4218 616 4270 ut
640 4227 739 4269 omne
756 4220 930 4288 peccatum
947 4213 1036 4291 quod
1054 4217 1161 4276 carnis
1178 4216 1344 4305 fragiiliq-

142 4308 216 4361 tate
233 4296 473 4361 contraximus
490 4296 563 4377 ipso
586 4314 718 4356 summo
741 4314 802 4376 pro
819 4296 914 4357 nobis
930 4300 1080 4363 antistite
1104 4302 1345 4372 interueniente

143 4383 307 4449 soluatur.
322 4402 382 4467 per
396 4400 506 4465 quem.

437 4514 446 4549 ¹
464 4518 575 4583 syllable
586 4516 691 4567 omitted
702 4524 728 4567 nt
740 4517 789 4567 end
802 4516 831 4566 ni
839 4517 888 4567 line
900 4517 926 4567 in
939 4519 995 4571 MS
