3038 5106
226 336 275 389 ,ω
616 322 775 375 noanon
797 321 1050 377 norruorrurr.

227 478 338 545 officia
351 478 569 543 humanitatis
594 478 802 543 exhibemus.
816 498 893 543 cum
916 476 1043 543 sanctis
1067 488 1169 561 atque
1193 476 1350 543 fidelibus
1364 478 1433 544 tuis

229 566 318 631 beati
334 566 479 630 muneris
493 566 689 648 portionem.
705 586 765 648 per
778 566 961 630 dominum
1372 606 1375 611 -

781 736 875 799 Alica

272 848 365 910 Deus
390 848 480 911 uitae
506 848 604 911 dator
627 857 661 910 et
686 846 909 911 humanorum
936 868 1111 930 corponrm
1137 847 1341 911 reformator.
1357 848 1429 932 lqui

228 944 262 998 te
277 956 298 998 a
312 935 542 1018 peccatoribus
558 934 688 997 exorari
704 934 847 997 uoluisti.
863 937 987 998 exaudi
1003 955 1146 1018 praeces.
1160 955 1245 1017 quas
1260 935 1319 1017 [lo.
1335 950 1429 1015 217v.

229 1021 362 1104 speciali
378 1023 557 1085 deuotione
572 1042 632 1104 pro
647 1021 760 1084 anima
782 1021 897 1085 famuli
913 1022 961 1084 tui
977 1022 1036 1084 tibi
1057 1021 1305 1085 lacrimabiliter
1320 1022 1428 1087 sundi-

229 1128 311 1172 mus.
328 1118 364 1171 ut
380 1108 517 1171 liberare
532 1129 608 1171 eum
625 1108 667 1171 ab
683 1107 885 1171 infernorum
902 1109 1101 1172 cruciatibus
1115 1119 1149 1172 et
1165 1109 1328 1172 collocare
1343 1110 1430 1173 inter

228 1196 364 1278 agmina
378 1205 566 1258 sanctorum
585 1206 716 1258 tuorum
740 1196 892 1277 digneris.
909 1206 1002 1258 ueste
1024 1216 1157 1277 quoque
1173 1195 1229 1258 illa
1244 1195 1381 1259 caelesti
1396 1207 1430 1258 et

228 1282 315 1345 stola
345 1282 591 1345 inmortalitatis
618 1282 718 1345 indui.
744 1294 778 1345 et
809 1283 963 1365 paradysi
987 1284 1190 1346 amoenitate
1213 1283 1327 1347 iubeas
1351 1303 1429 1347 con·
1510 1294 1513 1303 '

228 1368 339 1432 foueri.
356 1389 420 1451 per.

782 1506 872 1568 fllia.

274 1617 365 1679 Deus
381 1617 437 1699 qui
453 1617 671 1679 humanarum
696 1618 881 1681 animarum
905 1628 1059 1680 aeternus
1074 1628 1205 1680 amator
1220 1638 1263 1680 es.
1279 1616 1428 1681 animam

230 1704 344 1767 famuli
360 1705 407 1766 tui
423 1724 523 1785 quam
552 1724 629 1766 ucra
656 1705 734 1767 dum
764 1705 796 1766 in
825 1725 961 1787 corpore
988 1715 1136 1767 maneret
1156 1705 1264 1767 tenuit
1280 1703 1371 1768 fides.
1387 1705 1431 1767 ab
1472 1742 1482 1764 .

227 1791 320 1853 omni
337 1792 481 1854 cruciatu
503 1791 680 1853 inferorum
706 1792 808 1854 redde
831 1801 1009 1855 extorrem.
1025 1802 1062 1854 ut
1085 1801 1260 1874 segregata
1272 1792 1315 1854 ab
1332 1791 1430 1854 inser-

230 1877 358 1939 nalibus
385 1877 535 1940 claustris
561 1888 750 1941 sanctorum
784 1889 948 1941 mereatur
981 1879 1119 1940 adunari
1153 1879 1336 1942 consortiis.
1372 1899 1430 1961 per

226 1965 410 2028 dominum.

784 2102 876 2165 Alia.

273 2212 485 2276 Temeritatis
511 2213 646 2293 quidem
672 2225 722 2277 est
747 2215 890 2277 domine.
907 2224 943 2277 ut
959 2213 1060 2277 homo
1082 2214 1263 2277 hominem.
1279 2213 1430 2278 mortalis

231 2299 413 2363 mortalem.
429 2300 511 2362 cinis
535 2301 687 2364 cinerem.
714 2301 774 2363 tibi
802 2302 939 2364 domino
965 2302 1029 2364 deo
1053 2311 1168 2364 nostro
1190 2301 1314 2364 audeat
1339 2321 1428 2364 com·

231 2387 395 2450 mendare.
411 2387 469 2448 sed
485 2388 563 2468 quia
586 2398 672 2450 terra
695 2388 832 2470 suscipit
855 2399 983 2450 terram.
1000 2398 1034 2451 et
1050 2388 1158 2471 puluis
1174 2388 1380 2451 conuertitur
1394 2389 1428 2451 in

231 2473 407 2555 puluerem.
431 2476 537 2537 donec
564 2472 672 2536 omnis
699 2495 775 2538 caro
800 2475 967 2557 redigatur
982 2476 1014 2536 in
1031 2495 1124 2537 suam
1148 2475 1318 2557 originem.
1344 2474 1429 2538 Inde

230 2571 322 2623 tuam
339 2561 485 2643 piissime
513 2571 607 2643 pater
632 2561 876 2625 lacrimabiliter
899 2582 1078 2644 quesumus
1103 2563 1261 2643 pietatem
1279 2570 1316 2623 ut
1332 2560 1429 2623 huius

231 2646 344 2709 famuli
361 2648 408 2710 tui
424 2649 570 2710 animam
587 2669 687 2729 quarn
704 2650 746 2710 de
762 2648 857 2711 huius
881 2649 996 2710 mundi
1020 2650 1177 2730 uoragine
1193 2646 1430 2719 caeunulenta†

228 2733 322 2796 ducis
349 2734 391 2795 ad
417 2736 557 2815 patriam
585 2732 918 2810 caelestis.†abrahac
945 2736 1040 2797 amici
1068 2736 1116 2797 tui
1139 2736 1212 2797 sinu
1233 2736 1378 2818 recipias.
1395 2745 1428 2797 et

231 2821 386 2903 refrigerii
419 2842 489 2883 rore
520 2823 708 2904 perfundas.
762 2822 814 2887 Sit
841 2822 884 2884 ab
915 2823 1096 2885 aestuantis
1133 2823 1307 2904 gehennae
1344 2824 1426 2907 truci

231 2908 384 2970 incendio
407 2907 623 2990 scgregatas†
644 2920 677 2971 et
701 2910 819 2971 beatae
842 2910 963 2989 requiei
980 2918 1013 2970 te
1029 2910 1175 2971 donante
1192 2910 1377 2972 coniuncta.
1393 2921 1426 2972 et

229 2996 256 3056 si
273 3015 359 3076 quae
376 2995 420 3057 illi
438 3007 514 3058 sunt
540 2997 674 3058 domine
698 2996 798 3077 digne
824 2994 1023 3058 cruciatibus
1039 2995 1142 3077 culpe.
1160 3007 1195 3058 tu
1212 3017 1267 3058 eas
1283 2995 1427 3077 gratiael

230 3081 403 3144 mitissime
435 3083 599 3146 laenitatis
630 3083 773 3163 indulge.
806 3103 864 3145 nec
896 3084 1022 3165 peccati
1054 3084 1190 3164 recipiat
1220 3084 1337 3146 uicem.
1367 3084 1423 3145 scd

228 3167 453 3249 indulgentiae
469 3179 546 3231 tuae
562 3170 650 3250 piam
662 3172 783 3232 sentiat
795 3170 988 3232 bonitatem.
1004 3189 1146 3250 cumque
1161 3168 1271 3254 [finito
1285 3166 1342 3254 [fo
1355 3171 1424 3232 218.

229 3255 344 3317 mundi
369 3256 510 3317 termino
534 3276 711 3337 supernum
743 3257 869 3318 cunctis
899 3256 1057 3318 inluxerit
1096 3276 1233 3337 regnum
1274 3257 1422 3318 omnium

227 3351 415 3404 sanctorum
433 3343 582 3405 coetibus
598 3352 796 3424 aggregatus
813 3364 887 3404 cum
904 3343 1016 3405 electis
1038 3343 1102 3404 tuis
1119 3353 1266 3426 resurgat
1283 3345 1314 3404 in
1332 3355 1425 3426 parte

225 3428 366 3491 dextera
382 3432 597 3492 coronandus.
615 3450 673 3510 per
688 3431 859 3492 dominum
877 3439 1034 3492 nostrum.

781 3567 871 3629 Alia.

271 3678 430 3741 Debitum
459 3677 595 3740 humani
620 3680 766 3761 corporis
792 3679 971 3760 sepeliendi
999 3678 1144 3742 officium
1167 3677 1316 3742 fidelium
1332 3699 1423 3742 more

226 3765 439 3847 complentes.
466 3765 566 3828 deum
591 3768 643 3828 cui
669 3768 781 3827 omnia
804 3768 923 3828 uiuunt
949 3764 1088 3829 fideliter
1115 3767 1361 3847 depraecamur.
1386 3775 1422 3828 ut

226 3850 289 3913 hoc
305 3872 422 3933 corpus
439 3852 509 3914 kari
526 3854 636 3915 nostri.
653 3873 672 3914 a
688 3853 783 3915 nobis
799 3853 831 3914 in
850 3851 1040 3915 infirmitate
1059 3853 1235 3934 sepultum.
1251 3854 1283 3914 in
1308 3853 1422 3915 ordine

224 3947 414 4001 sanctorum
431 3959 565 4001 suorum
582 3940 759 4002 resuscitet.
775 3950 809 4002 et
825 3940 894 4002 eius
910 3940 1061 4022 spiritum
1078 3940 1201 4002 sanctis
1216 3959 1255 4002 ac
1271 3937 1423 4002 fidelibus

224 4026 395 4106 aggregari
431 4027 548 4087 iubeat.
580 4046 655 4088 curn
689 4026 808 4107 quibus
840 4027 1047 4089 inenarrabili
1076 4027 1180 4109 gloria
1204 4037 1237 4089 et
1262 4026 1422 4108 perhenni

224 4111 380 4175 felicitate
396 4113 516 4194 perfrui
533 4123 703 4175 mereatur.
721 4134 785 4195 per.

529 4265 620 4327 Tunc
632 4277 721 4348 roget
726 4279 789 4348 pro
803 4288 836 4331 eo
851 4287 945 4331 orare
958 4267 1111 4332 sacerdos.

266 4378 364 4440 Pater
379 4385 498 4441 noster.
544 4377 590 4441 Et
605 4397 647 4440 ne
662 4398 723 4441 nos
739 4379 884 4442 inducas.

267 4464 430 4545 Requiem
446 4473 624 4528 aeternam.
639 4484 660 4526 a
675 4474 772 4547 porta
788 4465 889 4530 inseri.
