3038 5106
608 299 731 349 -FERIA
757 298 812 349 III.
840 298 888 348 IN
906 300 1023 349 ALBIS.

746 484 882 550 Secreta.

255 589 394 673 Suscipe
405 608 586 673 quesumus
601 588 736 653 domine
757 609 891 671 praeces
907 589 1021 671 populi
1037 589 1085 652 tui
1101 608 1177 651 cum
1193 589 1426 653 oblationibus

211 678 402 741 hostiarum.
420 688 455 741 ut
479 677 691 759 paschalibus
707 678 837 739 initiata
854 677 1026 757 mysteriis.
1043 677 1086 738 ad
1102 678 1308 741 aeternitatis
1325 679 1426 741 nobis

211 765 383 828 medelam.
401 776 433 828 te
449 775 608 847 operante
624 763 806 846 proficiant.
823 784 882 845 per
897 764 1081 827 dominum.

678 901 861 981 Praefatio.

256 1007 305 1070 (Β
323 1016 456 1070 aeterne
483 1008 572 1070 deus.
619 1006 664 1070 Et
689 1016 722 1068 te
745 1006 937 1088 suppliciter
951 1026 1098 1067 exorare.
1124 1013 1161 1068 ut
1185 1004 1339 1068 fidelibus
1356 1008 1425 1069 tuis

210 1093 387 1174 dignanter
417 1095 585 1177 inpendas
613 1115 680 1175 quo
710 1103 744 1155 et
782 1094 950 1174 paschalia
980 1094 1115 1175 capiant
1146 1104 1357 1155 sacramenta
1389 1104 1423 1156 et

209 1181 434 1244 desideranter
459 1191 640 1262 expectent
671 1180 788 1242 sutura.
836 1180 884 1244 Ut
914 1181 946 1241 in
973 1181 1138 1260 mysteriis
1165 1179 1285 1261 quibus
1313 1183 1423 1243 renati

208 1278 285 1330 sunt
301 1279 541 1350 permanentes.
558 1268 599 1330 ad
617 1288 738 1329 nouam
756 1268 868 1329 uitam.
885 1265 935 1328 his
958 1267 1173 1349 operantibus
1188 1267 1425 1348 perducantur.

208 1375 267 1435 per
282 1356 440 1418 christum
458 1357 630 1419 dominum
648 1365 805 1417 nostrum.

672 1466 774 1544 Infra
788 1466 951 1528 acteonem.

252 1571 546 1637 Communicantes
562 1581 600 1633 ut
612 1583 718 1653 supra.

256 1659 354 1722 Hanc
371 1661 470 1740 igitur
485 1670 642 1740 utsupra.

664 1743 726 1807 Ad
735 1742 963 1826 complendum.

253 1848 413 1931 Spiritum
432 1850 462 1910 in
477 1847 573 1911 nobis
588 1849 723 1911 domine
739 1859 815 1911 tuae
832 1847 982 1909 karitatis
998 1845 1143 1909 infunde.
1159 1855 1197 1910 ut
1211 1867 1296 1928 quos
1312 1868 1423 1912 sacra-

212 1938 333 1999 mentis
350 1935 562 2017 paschalibus
578 1937 706 1998 satiasti
724 1945 782 1997 tua
801 1934 901 1996 facias
918 1935 1043 2016 pietate
1058 1936 1248 1997 concordes.
1263 1955 1331 2017 per.

693 2047 757 2109 Ad
768 2058 940 2128 uesperum.

253 2150 408 2215 Concede
445 2170 625 2233 quesumus
662 2150 874 2231 omnipotens
912 2150 1002 2212 deus.
1033 2158 1070 2212 ut
1107 2150 1163 2231 qui
1202 2158 1420 2232 peccatorum

210 2249 396 2300 nostrorum
414 2235 575 2320 spondere
591 2237 799 2319 praemimur.
817 2257 836 2298 a
851 2238 979 2298 cunctis
996 2237 1091 2299 malis
1107 2237 1282 2300 imminen-
1300 2236 1356 2319 [lo.
1368 2255 1421 2318 75.

209 2323 299 2388 tibus
315 2346 373 2407 per
389 2326 469 2388 haec
486 2325 654 2407 paschalia
670 2324 754 2386 festa
771 2323 957 2386 liberemur.
974 2344 1039 2406 per.

720 2435 782 2497 Ad
791 2435 910 2514 sontes.

252 2538 407 2603 Concede
431 2559 610 2622 quesumus
635 2539 846 2621 omnipotens
871 2539 952 2601 deus
979 2548 1015 2601 ut
1040 2536 1114 2621 quil
1141 2538 1225 2601 sesta
1250 2539 1423 2620 paschalia

208 2646 294 2707 quae
325 2629 513 2689 uenerando
543 2628 688 2689 colimus.
715 2627 815 2689 ctiam
847 2626 992 2687 uiuendo
1022 2636 1202 2689 teneamus.
1228 2647 1287 2707 per
1313 2630 1422 2690 domi·
1466 2702 1469 2707 Ι

208 2733 298 2775 uum.

613 2826 675 2888 Ad
685 2835 832 2888 sanctum
847 2824 878 2887 A
885 2825 1027 2887 ndream.

254 2929 345 2991 Deus
361 2929 417 3010 qui
434 2929 594 3011 populum
620 2939 713 2992 tuum
739 2930 782 2991 de
807 2928 912 2990 hostis
937 2928 1047 2991 callidi
1073 2928 1232 2990 seruitute
1258 2927 1417 2991 liberasti.

209 3035 344 3097 praeces
366 3018 434 3077 eius
461 3018 714 3079 misericorditer
729 3017 862 3097 respice.
879 3027 912 3077 et
937 3017 1152 3078 aduersantes
1176 3015 1205 3076 ei
1222 3026 1280 3078 tua
1296 3017 1421 3079 uirtute

209 3113 388 3184 prosterne.
406 3124 464 3184 per
478 3105 662 3167 dominum.

719 3289 838 3352 Furem
864 3290 925 3352 111.

253 3428 345 3489 Deus
372 3426 428 3506 qui
459 3424 653 3488 aecclesiam
685 3435 777 3488 tuam
809 3448 898 3489 nouo
925 3448 1056 3509 semper
1086 3428 1176 3490 soetu
1208 3428 1420 3512 multiplicas.

208 3515 352 3578 concede
369 3512 499 3575 famulis
516 3514 587 3575 tuis.
606 3526 641 3574 ut
657 3524 902 3576 sacramentum
917 3516 1063 3578 uiuendo
1079 3524 1216 3578 teneant
1238 3519 1328 3598 quod
1354 3517 1421 3580 fide

208 3610 432 3686 perceperunt.
449 3621 507 3681 per
523 3601 704 3663 dominum.

739 3712 875 3775 Secreta.

252 3816 390 3896 Suscipe
406 3814 540 3876 domine
556 3812 703 3875 fidelium
721 3836 855 3896 praeces
878 3837 953 3878 cum
977 3815 1201 3879 oblationibus
1225 3817 1418 3881 hostiarum.

207 3914 243 3967 ut
260 3924 318 3985 per
333 3904 413 3964 haec
429 3902 504 3983 piae
520 3901 707 3965 deuotionis
730 3902 845 3965 officia.
862 3904 905 3965 ad
921 3905 1097 3966 caelestem
1113 3906 1254 3987 gloriam
1271 3915 1420 3970 transea-

208 4012 288 4053 mus.
306 4010 371 4071 per.

718 4102 901 4181 Praefatio

251 4208 300 4270 G)
330 4214 461 4266 aeterne
491 4205 581 4267 deus.
641 4204 708 4288 Qui
747 4204 968 4281 oblationem†
1005 4207 1055 4269 sui
1092 4208 1238 4290 corporis
1276 4211 1413 4272 remotis¹

206 4292 438 4356 sacrificiorum
470 4291 650 4353 carnalium
682 4293 969 4355 obseruationibus
1005 4297 1151 4376 seipsum
1191 4296 1249 4358 tibi
1281 4317 1410 4358 sacram

205 4381 356 4442 hostiam.
382 4398 572 4460 agnumque
602 4379 841 4442 inmaculatum
866 4400 1015 4443 summus
1040 4383 1194 4446 sacerdos
1218 4404 1279 4465 pro
1302 4383 1412 4447 salute

206 4478 317 4530 nostra
333 4465 526 4528 immolauit.
572 4465 633 4527 Per
648 4486 746 4547 quem
764 4467 971 4529 maiestatem
989 4477 1091 4530 tuam.
