3038 5106
533 329 625 379 DOM.
653 327 676 380 J.
705 327 802 377 POST
820 324 907 377 ΝΑΤ.
935 324 1086 377 DOMINI.

764 513 855 589 Alia.

236 627 389 703 ‘Praesta
416 645 597 708 quesumus
627 625 810 689 misericors
826 626 917 689 deus.
941 633 978 689 ut
1005 625 1048 688 ad
1073 622 1319 706 suscipiendum
1352 620 1410 684 lilii

209 715 256 777 tui
273 713 439 794 singulare
467 713 670 794 mysterium.
687 722 720 775 et
738 722 865 776 mentes
890 713 1095 776 credentium
1115 721 1360 794 praeparentur.
1377 718 1411 770 et

209 821 276 863 non
289 800 494 863 credentium
513 800 614 862 eorda
630 800 821 864 subdantur.
838 820 896 882 per
911 800 1064 863 eundem.

765 936 857 1001 Alia.

221 1094 224 1099 -
254 1051 477 1132 Omnipotens
494 1051 693 1131 sempiterne
709 1051 799 1112 deus.
820 1061 949 1113 creator
963 1050 1129 1113 humanae
1150 1049 1412 1128 reformatorque

210 1150 356 1201 naturae.
378 1158 479 1219 quam
504 1139 692 1218 unigenitus
716 1149 792 1200 tuus
818 1138 849 1199 in
876 1148 969 1199 utero
994 1147 1173 1219 perpetuae
1200 1137 1337 1218 uirginis
1360 1156 1413 1196 as·

210 1226 360 1306 sumpsit.
386 1226 512 1306 respice
535 1246 595 1286 nos
618 1225 789 1306 propitius.
806 1234 842 1286 ut
865 1223 922 1287 filii
939 1225 985 1286 tui
1008 1226 1234 1287 incarnatione
1256 1232 1412 1304 suscepta

211 1313 296 1374 inter
312 1311 414 1394 ipsius
431 1312 581 1375 membra
598 1331 784 1374 mereamur
800 1313 972 1374 numerari.
990 1332 1048 1394 per
1060 1313 1214 1374 eundem.

527 1519 595 1582 Ka.
621 1520 699 1582 lau.
745 1518 924 1583 Ocususs
948 1520 1108 1583 Domni.

256 1660 348 1721 Deus
363 1658 419 1741 qui
436 1657 533 1719 nobis
549 1657 617 1720 nati
636 1656 811 1719 saluatoris
827 1657 914 1720 diem
931 1656 1118 1720 caelebrare
1141 1657 1295 1721 concedis
1320 1669 1411 1720 octa·

211 1767 298 1809 uum.
326 1747 377 1808 lac
405 1766 465 1807 nos
492 1763 672 1826 quesumus
695 1745 765 1807 eius
787 1754 946 1825 perpetua
970 1745 1144 1807 diuinitate
1171 1745 1296 1807 muniri.
1319 1746 1412 1807 cuius

211 1854 325 1895 sumus
348 1832 470 1895 carnali
498 1831 697 1894 commercio
718 1832 867 1913 reparati.
888 1851 945 1913 per
968 1832 1111 1894 eundem
1139 1833 1312 1894 dominum
1337 1852 1412 1894 nos-

211 1931 306 1983 trum.

745 2029 881 2093 Secreta.

258 2145 392 2206 Praesta
411 2162 592 2224 quesumus
611 2141 746 2204 domine
773 2152 809 2204 ut
827 2162 884 2223 per
911 2141 992 2204 haee
1020 2162 1157 2204 munera
1172 2161 1259 2223 quae
1285 2140 1412 2204 domini

213 2231 314 2292 nostri
342 2233 409 2292 iesu
438 2230 549 2291 christi
574 2229 738 2291 archanae
755 2229 939 2291 natiuitatis
956 2230 1115 2310 mysterio
1131 2231 1283 2310 gerimus.
1300 2229 1414 2312 purifi-

212 2328 306 2383 catae
323 2317 443 2380 mentis
460 2316 680 2398 intelligentia
695 2335 946 2396 consequamur.
963 2336 1022 2399 per
1043 2316 1196 2380 eundem.

721 2452 901 2533 Praefatio.

259 2568 322 2641 lli)
340 2577 473 2631 aeterne
489 2567 579 2628 deus.
634 2564 736 2628 Cuius
752 2564 852 2627 hodie
864 2565 1120 2628 circumcisionis
1137 2567 1224 2628 diem
1237 2575 1270 2629 et
1290 2565 1346 2648 [fo.
1365 2582 1381 2645 3
1386 2580 1402 2646 5
1409 2613 1416 2629 .

215 2656 398 2718 natiuitatis
415 2664 569 2715 octauum
588 2652 812 2715 caelebrantes
823 2663 880 2714 tua
891 2652 1025 2714 domine
1037 2653 1199 2715 mirabilia
1211 2673 1416 2716 ueneramur.

214 2745 292 2824 quia
302 2762 387 2822 quae
403 2742 530 2822 peperit
546 2750 579 2801 et
597 2749 702 2800 mater
716 2747 750 2800 et
766 2740 860 2820 uirgo
875 2750 933 2801 est.
950 2740 1004 2819 qui
1022 2749 1120 2801 natus
1136 2751 1194 2802 est.
1209 2750 1243 2802 et
1260 2740 1367 2802 inians
1383 2749 1417 2803 et

214 2838 296 2891 deus
313 2838 371 2891 est.
411 2827 532 2889 Merito
542 2827 622 2889 caeli
634 2826 733 2887 locuti
744 2836 829 2888 sunt.
840 2827 949 2906 angeli
960 2827 1124 2907 gratulati.
1135 2837 1284 2907 pastores
1294 2827 1417 2890 laetati.

216 2917 304 2997 magi
322 2916 448 2978 mutati.
466 2933 558 2994 reges
581 2912 712 2975 turbati.
729 2912 857 2995 paruuli
876 2914 1020 2993 gloriosa
1042 2915 1196 2995 passione
1211 2916 1367 2977 coronati.
1383 2925 1418 2977 et

213 3004 297 3065 ideo,

667 3112 729 3175 Ad
739 3111 963 3192 complendum.

262 3228 394 3288 Praesta
417 3244 595 3306 quesumus
618 3224 753 3285 domine
784 3233 820 3286 ut
850 3225 940 3305 quod
971 3221 1145 3286 saluatoris
1171 3224 1272 3286 nostri
1300 3225 1419 3288 iterata

215 3314 462 3394 sollempnitate
481 3311 695 3392 percepimus.
712 3320 871 3392 perpetue
895 3310 991 3373 nobis
1016 3312 1253 3392 redemptionis
1269 3311 1419 3375 conferat

216 3401 424 3463 medicinam.
441 3418 499 3480 per
514 3400 665 3460 eundem.

693 3508 724 3571 A
728 3509 756 3570 d
767 3519 940 3589 uesperum.

230 3652 232 3656 ’
263 3623 486 3705 Omnipotens
510 3622 709 3703 sempiterne
733 3621 816 3683 deus
842 3622 898 3702 qui
930 3631 1008 3684 tuae
1035 3642 1169 3684 mensae
1194 3621 1371 3703 participes
1399 3643 1419 3685 a

218 3708 400 3785 diabolica†
424 3710 516 3772 iubes
532 3709 696 3771 abstinere
712 3709 886 3770 conuiuio:
911 3710 954 3771 da
982 3729 1162 3790 quesumus
1187 3709 1274 3790 plebi
1299 3721 1355 3771 tue
1383 3720 1420 3772 ut

217 3796 352 3880 gustae†
368 3796 554 3859 mortiferae
570 3794 779 3876 profanitatis
789 3795 919 3858 abiecto
935 3797 1024 3876 puris
1042 3796 1208 3858 mentibus
1224 3798 1265 3859 ad
1283 3796 1420 3877 aepulas

217 3896 351 3963 aeterne
366 3883 481 3946 salutis
497 3884 642 3945 accedat.
658 3902 716 3963 per
732 3883 904 3944 dominum
921 3893 1078 3946 nostrum.

450 4089 648 4152 Donuiuca
674 4087 697 4150 Ι.
722 4086 816 4150 Posr
840 4086 997 4150 Nausea
1021 4090 1179 4153 Douuu.

264 4219 356 4283 Deus
379 4219 435 4300 qui
458 4217 573 4279 salutis
595 4225 748 4278 aeternae
771 4215 1034 4279 beataemariae
1057 4218 1247 4300 uirginitate
1278 4217 1422 4280 secunda

220 4305 366 4370 humano
382 4306 492 4387 generi
510 4303 656 4385 praemia
667 4301 860 4385 praetulisti.
870 4304 977 4367 tribue
986 4324 1167 4386 quesumus
1183 4314 1219 4367 ut
1235 4306 1342 4387 ipsam
1360 4326 1421 4386 pro

220 4394 315 4456 nobis
332 4393 533 4455 intercedere
555 4391 745 4452 sentiamus
761 4409 935 4471 perquam
951 4392 1130 4454 meruimus
1147 4401 1315 4455 auctorem
1333 4393 1422 4456 uitae

217 4481 392 4563 suscipere.
408 4479 580 4543 dominum
597 4487 747 4540 nostrum
763 4477 867 4540 iesum
883 4477 1051 4542 christum.
