3038 5106
455 350 511 400 DE
535 350 711 401 COMPUTO
738 349 1037 401 ECCLESIASTICO.

324 740 545 825 sTsmmrus
577 756 617 807 xe
647 756 780 808 conns
811 743 1134 809 Sspruacasnrns.
1223 740 1279 823 [so.
1303 755 1349 819 19.

201 891 412 973 Ubicumque
429 894 592 956 inueneris
620 916 644 957 x
669 894 781 957 lunam
805 902 882 975 post
904 914 982 955 xxx
1006 892 1118 955 lunam
1143 892 1206 953 ian.
1230 890 1274 952 ibi
1300 889 1350 951 sac

156 980 335 1041 terminum
353 980 423 1042 lxx.
448 991 480 1043 et
497 982 529 1042 in
547 983 697 1063 sequenti
714 982 881 1044 dominica
896 981 958 1042 erit
973 979 1045 1041 lxx.

201 1065 411 1148 Ubicumque
428 1068 591 1131 inueneris
608 1069 669 1130 iiam
686 1070 798 1131 lunam
814 1077 891 1150 post
907 1067 995 1129 xxix
1012 1067 1125 1128 lunam
1142 1063 1221 1128 Feb.
1237 1064 1281 1126 ibi
1299 1062 1350 1125 fac

156 1154 334 1215 terminum
351 1154 433 1216 initii
451 1154 494 1217 xl.
511 1165 544 1217 et
561 1156 593 1217 in
609 1155 761 1238 sequenti
778 1154 945 1218 dominica
960 1154 1021 1215 erit
1038 1153 1083 1216 xl.

156 1325 208 1388 fac
223 1327 401 1389 terminum
419 1328 569 1409 paschae.
585 1338 619 1391 et
634 1330 667 1392 in
683 1329 835 1411 sequenti
850 1329 1017 1391 dominica
1032 1328 1094 1389 erit
1109 1326 1242 1408 pascha.

200 1413 412 1496 Ubicumque
436 1416 598 1478 inueneris
624 1438 673 1478 xx
699 1416 813 1478 lunam
837 1423 914 1498 post
937 1414 1025 1476 xxix
1050 1413 1162 1476 lunam
1189 1412 1270 1493 Apr.
1303 1410 1348 1472 ibi

156 1499 206 1562 fac
236 1501 414 1563 terminum
445 1504 655 1583 rogationum
686 1513 720 1566 et
748 1523 890 1584 sequens
919 1501 1088 1564 dominica
1117 1500 1264 1582 precedit
1288 1498 1351 1560 iiam

155 1587 270 1649 feriam
285 1587 504 1669 rogationum.

156 1759 206 1823 sae
231 1761 408 1824 terminum
439 1774 663 1844 pentecosten.
690 1773 724 1826 et
749 1764 782 1826 in
808 1763 958 1846 sequenti
983 1760 1152 1824 dominica
1178 1759 1240 1823 erit
1270 1778 1351 1841 pen-

155 1858 296 1910 tecostes
312 1856 345 1910 et
361 1850 407 1911 ita
422 1850 493 1912 sine
508 1870 616 1913 errore
632 1851 788 1913 inuenies.

200 1948 280 2010 Post
296 1949 353 2010 xvi
370 1948 413 2012 kl.
430 1947 510 2024 iant
525 1950 557 2011 in
574 1949 673 2031 quale
687 1952 840 2014 datarum
858 1948 970 2011 lunam
995 1969 1020 2009 x
1043 1947 1207 2010 inueneris
1230 1945 1275 2009 ibi
1299 1945 1350 2008 fac

155 2033 345 2103 terminale†
359 2037 644 2117 septuagesimale.

200 2122 288 2184 Post.
306 2123 348 2184 vii
366 2122 408 2186 id.
426 2121 504 2186 Feb.
521 2124 552 2185 in
569 2123 667 2205 quale
683 2125 836 2187 datarum
853 2122 966 2185 lunam
983 2123 1046 2184 iiam
1057 2121 1229 2184 inueneris.
1242 2119 1287 2181 ibi
1299 2119 1349 2181 sac

154 2210 333 2272 terminum
349 2210 642 2291 quadragesimale.

157 2395 207 2458 sac
224 2395 402 2491 terminu—m
418 2396 569 2478 paschae.

202 2496 280 2557 Post
295 2495 326 2557 vi
344 2496 386 2558 kl.
405 2495 473 2558 Mai
498 2495 531 2559 in
554 2496 652 2578 quale
674 2496 828 2560 datarum
855 2496 968 2560 lunam
992 2508 1084 2559 xxam
1109 2495 1282 2558 inueneris.
1306 2494 1350 2556 ibi

160 2582 209 2645 sac
225 2583 401 2644 terminum
419 2583 631 2665 rogationale.

159 2771 334 2831 terminum
351 2778 575 2851 pentecosten.

203 2855 323 2919 Omnis
340 2856 417 2918 luna
432 2876 518 2937 quae
534 2877 672 2920 accensa
688 2856 785 2920 fuerit
800 2857 844 2921 ab
858 2868 979 2921 octaua
994 2856 1068 2919 idus
1081 2855 1233 2919 februarii
1249 2875 1354 2937 usque

160 2943 265 3026 pridie
281 2963 442 3005 nouarum
460 2945 577 3007 martii.
593 2945 779 3007 dominicus
795 2946 865 3007 dies
881 2946 936 3027 qui
953 2946 1102 3026 sequitur
1123 2944 1214 3005 illam
1238 2963 1354 3005 secun-

159 3032 238 3093 dam
263 3029 376 3092 lunam
403 3030 532 3092 initium
558 3031 619 3093 erit
642 3032 895 3114 quadragesime
916 3042 950 3095 et
965 3032 992 3093 si
1009 3031 1176 3095 bissextus
1189 3028 1286 3092 suerit
1301 3027 1354 3092 uel

161 3136 236 3178 non.

206 3202 325 3267 Omnis
341 3202 419 3265 luna
434 3224 519 3285 quae
535 3224 673 3267 accensa
696 3203 793 3269 suerit
815 3205 858 3269 ab
880 3215 1000 3268 octaua
1022 3205 1096 3268 idus
1119 3203 1227 3266 martii
1250 3222 1356 3285 usque

164 3310 267 3353 nonas
305 3291 432 3372 aprelis.
463 3292 649 3354 dominicus
687 3292 757 3354 dies
794 3294 850 3374 qui
889 3294 1036 3375 sequitur
1073 3291 1164 3354 illam
1201 3300 1356 3371 quartam

163 3375 333 3452 decidam†
348 3377 460 3439 lunam
477 3378 547 3441 dies
562 3380 623 3441 erit
640 3380 782 3460 paschae
798 3379 874 3442 etsi
891 3379 1059 3443 bissextus
1075 3378 1172 3441 fuerit
1189 3378 1241 3439 uel
1259 3397 1335 3440 non.

208 3464 326 3527 Omnis
343 3464 421 3527 luna
445 3485 530 3546 quae
556 3486 695 3528 accensa
722 3465 818 3529 fuerit
834 3467 877 3529 ab
892 3476 1012 3529 octaua
1028 3468 1101 3529 idus
1118 3464 1237 3547 aprelis
1252 3484 1358 3545 usque

164 3562 281 3632 quarta
312 3571 474 3613 nonarum
505 3553 579 3614 mai.
596 3553 781 3617 dominicus
806 3554 877 3616 dies
902 3555 958 3636 qui
985 3554 1134 3634 sequitur
1159 3552 1357 3632 uigesimam

165 3639 277 3701 lunam
303 3639 449 3719 precedit
473 3640 653 3702 secundam
684 3639 799 3703 feriam
822 3642 1040 3723 rogationum.
1071 3650 1105 3703 et
1131 3640 1158 3701 si
1190 3639 1358 3701 bissextus

164 3725 261 3787 suerit
277 3724 329 3786 uel
346 3745 420 3787 non.

210 3811 329 3875 Omnis
363 3813 442 3874 luna
479 3833 565 3894 quae
602 3834 741 3876 accensa
778 3812 876 3877 suerit
906 3835 926 3878 a
953 3814 1058 3897 pridie
1089 3831 1250 3876 nonarum
1283 3811 1358 3873 mai.

165 3919 268 3981 usque
284 3908 402 3980 quarta
418 3919 578 3963 nonarum
603 3901 690 3964 iunii.
714 3902 899 3964 dominicus
922 3903 993 3965 dies
1016 3902 1072 3982 qui
1096 3901 1245 3981 sequitur
1267 3899 1358 3960 illam

165 3996 316 4068 quartam
334 3985 445 4048 lunam
470 3985 540 4048 dies
562 3989 624 4050 erit
646 3997 864 4069 pentecostes.
887 3999 921 4051 et
944 3990 970 4051 si
994 3988 1162 4052 bissextus
1186 3986 1283 4048 fuerit
1306 3983 1360 4047 uel

166 4095 240 4137 non.

209 4172 328 4237 Omnis
345 4174 423 4237 luna
438 4193 524 4254 quae
540 4193 679 4236 accensa
694 4172 791 4237 suerit
813 4194 833 4237 a
856 4176 913 4238 xvi
932 4162 981 4239 kT.
1004 4175 1082 4239 febr.
1106 4193 1210 4255 usque
1234 4172 1291 4234 xvi
1309 4157 1361 4233 Td‘.

165 4263 273 4324 martii
297 4260 483 4325 dominicus
505 4261 575 4323 dies
598 4262 653 4343 qui
677 4262 826 4342 sequitur
848 4261 938 4325 illam
962 4263 1127 4328 decimam
1151 4260 1264 4323 lunam
1287 4258 1360 4321 dies

164 4352 226 4412 erit
241 4349 360 4412 lxxmae
376 4357 410 4411 et
425 4348 452 4409 si
469 4345 636 4410 bissextus
652 4347 750 4412 suerit
765 4347 818 4411 uel
835 4369 910 4413 non.
