3038 5106
295 329 384 383 NON.
414 330 491 383 OCT.
519 330 606 382 ΝΑΤ.
634 332 682 383 SS.
710 330 913 383 MARCELLI
931 332 990 382 ET
1009 332 1161 385 APULEI.
1289 342 1337 396 217

668 497 808 563 Secreta.

178 609 314 675 Auditis
331 610 520 673 nominibus
536 608 745 673 offerentium
761 610 878 673 fratres
893 610 1057 673 karissimi
1074 612 1200 674 domini
1218 613 1335 674 maies-

134 706 239 761 tatem
255 698 499 780 depraecemur
515 698 623 779 utqui
639 698 743 760 uitam
768 699 818 759 sul
843 698 1001 760 antistitis
1028 698 1205 779 leodegarii
1230 709 1334 762 trans-

135 784 210 847 tulit
240 785 283 847 ad
321 804 478 848 coronam
516 805 575 866 per
604 785 826 847 interuentum
856 795 1046 847 sanctorum
1075 784 1333 867 patriarcharum

134 871 371 953 prophetarum
417 871 643 979 apostolorum
682 881 716 934 et
761 881 943 953 martyrum
989 872 1254 935 anachoritarum
1300 884 1332 936 et

134 958 307 1039 uirginum.
333 958 436 1021 omni,-
426 964 564 1041 umque
588 968 777 1021 sanctorum
806 958 986 1021 concedere
1009 959 1170 1039 dignetur.
1188 958 1244 1041 [lo
1266 974 1332 1039 155.

134 1055 172 1108 ut
187 1045 336 1108 sacrificii
352 1047 535 1127 praesentis
551 1044 676 1107 oblatio
692 1065 824 1145 quaeo
804 1044 940 1107 olsertur
965 1045 1152 1107 uiuentibus
1177 1048 1333 1108 emenda-

134 1132 268 1194 tionem.
309 1142 341 1194 et
379 1131 545 1195 defunctis
588 1133 815 1194 remissionem
854 1131 1003 1194 obtineat
1041 1143 1156 1214 pecca
1159 1153 1261 1196 orum.
1300 1144 1332 1196 et

134 1238 274 1300 quorum
306 1220 441 1280 nomina
472 1220 505 1279 in
536 1218 728 1281 recitatione
766 1218 934 1300 patefacta
965 1230 1041 1281 sunt
1073 1220 1105 1280 in
1137 1220 1333 1283 caelestibus

133 1306 264 1387 paginis
280 1306 537 1369 conscribantur.
554 1326 619 1387 per.

586 1426 648 1488 Ad
658 1425 883 1506 corrtplendum.

177 1538 296 1600 Pacem
313 1538 424 1613 tuaml
438 1538 573 1601 domine
590 1540 709 1601 nostris
733 1538 867 1600 illabere
884 1540 1079 1620 pectoribus.
1097 1540 1174 1620 quia
1197 1541 1330 1603 beatum

132 1634 312 1706 martyrem
330 1634 421 1687 tuum
440 1626 665 1705 leodegarium
691 1626 723 1686 in
747 1625 809 1687 hoc
833 1625 964 1687 saeculo
988 1638 1259 1690 commorantem.
1276 1650 1333 1709 per

131 1712 224 1792 pacis
240 1712 385 1774 studium
403 1712 502 1774 hodie
518 1712 669 1775 caelestis
692 1711 767 1773 aula
790 1713 933 1793 suscepit
958 1713 1053 1774 nobis
1070 1733 1202 1795 quoque
1219 1735 1332 1796 pecca-

129 1798 258 1860 toribus
274 1801 365 1880 pacis
382 1798 549 1860 uinculum
567 1810 600 1861 et
623 1799 775 1861 karitatis
799 1800 945 1861 studium
973 1800 1043 1862 eius
1071 1802 1195 1862 meritis
1218 1801 1332 1864 suffra-

130 1885 288 1966 gantibus
305 1886 413 1967 largiri
431 1886 545 1948 iubeas
562 1886 594 1947 in
611 1905 739 1948 aeuum.
756 1906 821 1967 per.

303 2073 399 2136 Nos.
423 2071 511 2136 Ocr.
536 2072 693 2136 NATALE
717 2073 856 2137 Snucrr
883 2073 1007 2137 Mnacr
1034 2076 1164 2137 Pausa.

176 2182 310 2247 Exaudi
335 2186 470 2247 domine
496 2205 675 2266 quesumus
703 2206 837 2268 praeces
863 2197 1002 2249 nostras.
1033 2197 1066 2249 et
1092 2188 1331 2252 interueniente

131 2268 231 2333 beato
255 2292 366 2334 marco
391 2271 579 2334 consessore
600 2281 659 2334 tuo
683 2282 784 2354 atque
800 2273 964 2354 pontifice.
981 2273 1239 2355 supplicationes
1256 2296 1331 2337 nos·

130 2367 200 2421 tras
215 2358 365 2440 placatus
382 2360 525 2422 intende.
543 2378 601 2440 per
616 2360 799 2422 dominum.

665 2487 803 2552 Secreta.

174 2598 324 2681 Accepta
347 2600 389 2662 sit
412 2601 445 2662 in
470 2609 650 2682 conspectu
675 2608 734 2662 tuo
758 2600 901 2662 domine.
917 2620 1039 2683 ⁸sacrae
1065 2600 1171 2681 plebis
1195 2602 1328 2665 oblatio.

129 2704 191 2767 pro
214 2695 345 2748 tuorum
372 2687 498 2749 honore
524 2697 722 2749 sanctorum.
751 2707 891 2768 quorum
919 2707 954 2748 se
982 2688 1106 2750 meritis
1138 2690 1329 2771 percepisse.

128 2773 172 2835 de
187 2772 399 2836 tribulatione
415 2775 587 2855 cognoscit
603 2774 773 2836 auxilium.
790 2794 848 2855 per
864 2774 1046 2836 dominum.

583 2910 645 2972 Ad
654 2911 879 2991 complendum.

174 3020 228 3083 Da
257 3042 437 3103 quesumus
467 3024 602 3085 domine
634 3022 785 3085 fidelibus
819 3023 950 3105 populis
977 3034 1166 3086 sanctorum
1198 3035 1327 3088 tuorum

128 3126 260 3191 semper
290 3111 502 3172 ueneratione
534 3110 657 3172 laetari.
688 3120 721 3172 et
751 3130 866 3172 eorum
897 3122 1057 3191 perpetua
1088 3111 1329 3193 supplicatione

129 3196 257 3257 muniri.
274 3216 333 3278 per
348 3197 521 3259 dominum
538 3207 696 3259 nostrum.

150 3379 285 3443 Eonasr
313 3380 385 3443 Drn
410 3380 565 3443 Narras
591 3381 826 3444 Saucrouun
852 3380 1051 3443 Mnucmr
1076 3396 1122 3444 aa
1145 3381 1301 3445 Arunnr.

174 3491 372 3557 Sanctorum
408 3502 540 3555 tuorum
573 3513 634 3555 nos
665 3494 800 3555 domine
839 3493 984 3555 marcelli
1015 3504 1048 3556 et
1080 3493 1197 3575 apulei.
1228 3495 1325 3556 beata

128 3580 245 3642 merita
261 3590 509 3662 prosequantur.
527 3590 560 3643 et
576 3600 636 3643 suo
659 3600 789 3662 semper
813 3578 935 3643 saciant
951 3601 1063 3642 amore
1080 3581 1251 3644 feruentes,
1270 3603 1328 3663 per

127 3666 299 3729 dominum
317 3678 474 3730 nostrum.

657 3787 793 3850 Secreta.

173 3899 398 3977 llllaiestatem
427 3909 517 3963 tuam
546 3901 643 3963 nobis
672 3900 808 3962 domine
838 3920 1019 3981 quesumus
1050 3899 1129 3961 haec
1154 3900 1208 3981 [lo
1238 3915 1325 3981 155s·.

127 3984 238 4049 hostia
260 3987 378 4049 reddat
401 3986 606 4051 immolanda
629 3987 804 4069 placatam.
821 3998 954 4050 tuorum
978 3988 1080 4069 digna
1103 3988 1326 4068 postulatione

126 4083 325 4137 sanctorum.
342 4093 400 4156 per
415 4073 595 4137 dominum.

580 4203 642 4265 Ad
652 4203 876 4283 complendum.

170 4313 395 4380 Sacramentis
409 4314 545 4379 domine
560 4316 748 4378 muniamur
763 4316 915 4397 acceptis.
933 4326 966 4380 et
989 4324 1176 4379 sanctorum
1194 4325 1324 4379 tuorum

125 4400 271 4465 marcelli
301 4411 336 4465 et
372 4401 481 4486 apulei
518 4413 635 4467 contra
665 4422 782 4465 omnes
821 4402 984 4484 nequitias
1022 4404 1190 4465 inruentes
1226 4404 1326 4467 armis

123 4487 322 4553 caelestibus
338 4498 559 4573 protegamur.
574 4509 640 4573 per.
