3038 5106
371 336 464 387 DOM.
489 334 580 385 VIIII.
600 334 697 383 POST
710 333 789 383 OCT.
809 330 1093 383 PENTECOSTEM
1292 340 1336 391 127

666 513 804 578 Secreta.

180 628 274 693 Deus
309 628 366 711 qui
404 626 561 711 legalium
599 625 804 690 differentias
841 624 1024 687 hostiarum
1059 624 1155 687 unius
1186 623 1335 688 sacrificii

135 716 338 799 perfectione
354 717 505 779 sanxisti.
522 716 636 797 accipe
660 711 857 775 sacrificium
875 731 895 774 a
921 710 1051 773 deuotis
1068 711 1127 773 tibi
1156 711 1288 773 famulis
1303 722 1337 774 et

136 805 209 886 pari
231 803 464 866 benedictione
486 804 571 865 sicut
589 821 726 864 munera
742 798 815 861 abel
842 797 1020 860 sanctifica.
1037 808 1073 860 ut
1098 800 1187 880 quod
1215 798 1335 881 singuli

135 891 329 954 obtulerunt
360 890 403 953 ad
435 891 617 953 maiestatis
648 898 726 951 tuae
756 887 926 951 honorem.
953 886 1081 947 cunctis
1112 884 1262 968 proficiat
1293 889 1335 950 ad

133 977 287 1041 salutem.
303 998 369 1061 per.

643 1111 827 1192 Praefatio.

183 1228 232 1291 (D
256 1237 389 1290 aeterne
419 1226 510 1289 deus.
556 1225 601 1287 Et
632 1234 724 1287 tuam
757 1221 1014 1285 misericordiam
1047 1219 1140 1295 itotis
1178 1221 1233 1303 [io.
1264 1242 1335 1303 91v.

137 1314 265 1377 nisibus
281 1333 428 1377 exorare.
447 1333 487 1375 ne
512 1332 572 1393 pro
595 1324 708 1373 nostra
734 1331 794 1371 nos
822 1311 996 1391 iniquitate
1018 1311 1251 1389 condempnes,
1277 1313 1334 1374 sed

136 1422 199 1483 pro
235 1412 293 1464 tua
323 1402 447 1482 pietate
479 1401 510 1461 in
542 1401 597 1461 uia
627 1407 717 1460 recta
754 1417 885 1478 semper
915 1396 1081 1476 disponas.
1150 1396 1221 1459 Nec
1252 1399 1335 1461 sicut

138 1508 304 1551 meremur
318 1486 587 1569 delinquentibus
611 1485 760 1547 irascaris
781 1485 840 1546 sed
864 1483 1034 1564 fragilitati
1058 1494 1191 1546 nostrae
1215 1486 1338 1549 inuicta

137 1576 289 1639 bonitate
305 1574 491 1638 subuenias.
509 1594 567 1656 per
582 1571 749 1635 christum.

585 1718 647 1781 Ad
663 1716 890 1798 conptlcndum.

183 1834 259 1898 Tua
274 1854 335 1896 nos
350 1833 486 1897 domine
503 1829 708 1893 medicinalis
731 1829 890 1910 operatio.
906 1837 939 1889 et
961 1848 980 1890 a
996 1828 1117 1890 nostris
1142 1832 1337 1910 peruersita-

136 1922 229 1985 tibus
244 1920 424 1984 clementer
439 1920 607 2002 expediat.
624 1928 657 1980 ct
673 1919 715 1980 ad
732 1937 772 1979 ea
795 1936 881 1998 quae
897 1925 973 1978 sunt
990 1926 1080 1978 recta
1095 1918 1264 1998 perducat.
1280 1940 1338 2001 per

138 2010 321 2073 dominum.

605 2142 713 2223 Super
719 2142 885 2223 populum.

185 2256 327 2323 familia
336 2267 394 2320 tua
406 2257 488 2319 deus
499 2264 533 2318 et
549 2255 591 2317 ad
609 2254 828 2317 caelebranda
845 2253 1005 2335 principia
1015 2274 1093 2315 suae
1104 2256 1341 2338 redemptionis

137 2347 366 2497 gesideranter
386 2351 544 2407 occurrat.
560 2351 594 2405 et
618 2342 688 2405 eius
711 2340 800 2404 bona
823 2351 1072 2423 perseueranter
1095 2343 1256 2423 adquirat.
1282 2366 1340 2427 per

164 2452 324 2497 ominum.

275 2631 472 2694 Dourmca
489 2626 611 2691 VIIII.
629 2638 719 2687 Posr
735 2622 907 2688 Ocrauas
930 2625 1211 2690 Pentecosten.

189 2756 326 2837 Largire
353 2755 449 2817 nobis
475 2754 611 2815 domine
635 2770 816 2831 quesumus
840 2770 971 2831 semper
995 2752 1146 2832 spiritum
1173 2754 1342 2836 cogitandi

143 2864 233 2927 quae
256 2855 345 2906 recta
370 2852 448 2903 sunt
472 2841 634 2923 propitius
659 2848 693 2899 et
716 2838 845 2919 agendi.
871 2848 907 2898 ut
933 2838 1084 2917 quisine
1115 2850 1147 2901 te
1174 2862 1245 2903 esse
1277 2863 1343 2905 non

146 2949 325 3013 possumus
339 2929 520 2993 secundum
539 2941 571 2990 te
587 2927 698 2989 uiuere
714 2924 895 2986 ualeamus·
913 2944 971 3005 per
986 2925 1167 2989 dominum.

673 3080 810 3143 Secreta.

188 3197 329 3280 Suscipe
344 3196 479 3258 domine
495 3212 633 3256 munera
648 3211 828 3273 quesumus
845 3212 931 3271 quae
954 3191 1012 3253 tibi
1038 3193 1081 3254 de
1107 3203 1165 3255 tua
1190 3193 1343 3276 largitate

142 3284 326 3349 deserimus
341 3293 377 3345 ut
401 3283 481 3344 haec
505 3289 715 3343 sacrosancta
741 3279 900 3358 mysteria
926 3280 1053 3357 gratiae
1080 3290 1157 3342 tuac
1184 3294 1344 3364 operante

142 3374 267 3435 uirtute
295 3370 478 3452 praesentis
506 3369 595 3429 uitae
622 3386 682 3428 nos
708 3366 959 3427 conuersatione
984 3366 1199 3430 sanctificent.
1233 3382 1267 3433 ct
1301 3374 1342 3436 ad

143 3460 270 3543 gaudia
284 3458 487 3541 sempiterna
503 3455 694 3537 perducant.
712 3474 770 3535 per
786 3453 968 3514 dominum.

656 3597 835 3677 Praefatio.

189 3718 397 3783 coaeterne
426 3712 517 3775 deus.
577 3712 622 3774 Et
653 3718 745 3772 tuam
778 3710 1035 3773 misericordiam
1066 3732 1212 3776 exorare.
1244 3726 1280 3779 ut
1311 3729 1344 3782 te

145 3815 315 3869 annuente
338 3802 508 3865 ualeamus
525 3818 610 3879 quae
628 3798 715 3859 mala
731 3808 808 3859 sunt
824 3797 997 3859 declinare.
1014 3807 1047 3860 et
1063 3819 1148 3879 quae
1166 3801 1252 3864 bona
1267 3818 1344 3869 sunt

144 3899 387 3972 consequenter
408 3887 553 3970 expiere.
600 3886 645 3947 Et
667 3885 745 3965 quia
771 3903 831 3944 nos
855 3882 960 3945 fecisti
988 3885 1030 3945 ad
1056 3896 1113 3947 tua
1137 3906 1345 3957 sacramenta

145 3980 319 4063 pertinere.
349 3986 385 4038 tu
416 3974 596 4036 clementer
626 3972 658 4033 in
690 3971 785 4033 nobis
816 3990 930 4032 eorum
962 3990 1081 4034 munus
1112 3994 1256 4055 operare.
1288 4001 1347 4063 per

144 4066 306 4130 christum
323 4062 495 4125 dominum
511 4070 670 4121 nostrum.

602 4203 665 4269 Ad
675 4201 902 4287 constandum.

193 4325 246 4391 Sit
261 4321 358 4387 nobis
372 4319 509 4384 domine
524 4316 690 4399 reparatio
706 4314 827 4377 mentis
843 4323 876 4376 et
889 4314 1036 4395 corporis
1051 4314 1208 4397 ,caeleste
1224 4320 1279 4403 [so
1296 4344 1347 4405 92.

149 4410 355 4497 mysterium.
380 4418 417 4471 ut
443 4406 536 4470 cuius
560 4404 759 4485 exequimur
780 4402 946 4464 actionem
974 4403 1158 4469 sentiamus
1182 4408 1347 4479 eflectum.

148 4521 209 4585 per
222 4496 407 4563 dominum.
