3038 5106
152 365 197 426 146
476 362 691 413 ORATIONES
720 360 1037 415 UESI’ERTINALES.

705 536 797 600 Arm.

194 649 243 712 Te
259 648 367 712 lucem
391 668 503 711 ueram
529 658 563 710 et
588 647 668 711 lucis
695 658 864 712 auctorem
889 648 1024 711 domine
1051 631 1302 730 depraecamur.
1318 656 1356 710 ut

150 736 295 819 digneris
319 757 338 798 a
363 735 460 798 nobis
484 734 637 798 tenebras
664 735 829 817 depellere
856 736 1009 799 uitiorum
1037 748 1072 798 et
1097 732 1279 798 clarificare
1296 754 1357 797 nos

151 824 222 887 luce
239 824 407 886 uirtutum.
424 842 490 904 per.

707 975 798 1037 Alia.

194 1085 294 1169 Auge
324 1087 356 1149 in
389 1087 485 1149 nobis
515 1087 650 1150 domine
677 1107 858 1168 quesumus
889 1085 989 1150 fidem
1028 1096 1121 1149 tuam
1151 1095 1185 1148 et
1216 1084 1357 1167 spiritus

150 1175 255 1237 sancti
272 1173 378 1237 lucem
396 1174 428 1236 in
445 1174 541 1237 nobis
558 1193 689 1255 semper
704 1175 856 1237 accende.
873 1194 938 1255 per.

703 1308 795 1372 Alia.

195 1419 287 1482 Deus
302 1419 358 1501 qui
375 1418 528 1482 tenebras
552 1420 759 1501 ignorantiae
784 1420 874 1484 uerbi
891 1420 938 1483 tui
955 1419 1028 1482 luce
1051 1417 1198 1501 depellis.
1215 1436 1307 1499 auge
1323 1417 1357 1478 in
1383 1389 1387 1397 Ι

150 1506 304 1569 cordibus
331 1507 461 1569 nostris.
478 1507 636 1570 uirtutem
661 1527 762 1588 quam
789 1507 919 1571 dedisti.
943 1517 980 1570 ut
1007 1506 1092 1587 ignis
1117 1524 1217 1587 quem
1246 1504 1359 1586 gratia

150 1603 208 1656 tua
224 1592 301 1656 fecit
317 1594 463 1657 accendi.
479 1593 577 1656 nullis
592 1595 872 1676 temptationibus
888 1594 992 1675 possit
1009 1593 1170 1674 extingui.
1187 1611 1254 1673 per.

467 1779 688 1843 Oanrrouss
713 1778 1034 1843 Uusranrrunrus.

193 1889 329 1954 Oriatur
350 1891 485 1953 domine
510 1889 721 1953 nascentibus
745 1890 889 1954 tenebris
914 1910 1030 1952 aurora
1055 1889 1209 1951 iustitiae.
1224 1896 1264 1951 ut
1281 1909 1357 1970 per·

150 1985 226 2041 acto
241 1978 295 2040 die
311 1976 369 2040 tibi
394 1977 586 2059 suppliciter
612 1979 736 2059 gratias
760 1986 906 2059 agentes.
931 1976 1041 2039 etiam·
1058 1995 1157 2038 mane
1171 1975 1358 2056 dignanter

152 2065 306 2146 respicias
322 2074 401 2126 uota
417 2065 592 2127 soluentes,
609 2084 675 2146 per.

705 2198 796 2260 Alia.

194 2309 287 2372 Tuus
324 2319 374 2371 est
412 2308 482 2370 dies
516 2310 652 2373 domine
690 2320 723 2372 et
761 2320 819 2373 tua
853 2319 904 2372 est
941 2328 1019 2372 nox.
1058 2309 1205 2372 concede
1244 2310 1354 2373 solem

150 2397 294 2460 iustitiae
320 2416 513 2478 permanere
537 2397 569 2458 in
597 2397 752 2459 cordibus
778 2397 899 2460 nostris
914 2398 958 2460 ad
974 2395 1182 2478 repellendas
1197 2396 1357 2460 tenebras

151 2483 393 2566 cogitationum
411 2483 606 2563 iniquarum.
624 2505 690 2566 per.

706 2623 796 2685 Alia.

195 2730 326 2795 Gratias
342 2731 471 2811 agimus
488 2732 546 2794 tibi
563 2733 698 2796 domine
722 2735 877 2797 custoditi
894 2754 952 2816 per
967 2734 1064 2796 diem.
1081 2742 1191 2815 grates
1215 2733 1276 2796 tibi
1295 2755 1356 2796 ex-

152 2818 311 2880 soluimus
336 2816 478 2880 custodi¹
512 2840 569 2900 per
605 2832 744 2884 noctem.
770 2831 979 2902 repraesenta
1004 2840 1184 2902 quesumus
1215 2820 1356 2884 dominc

153 2906 323 2968 matutinis
339 2905 426 2966 horis
437 2906 625 2970 incolomes.
639 2918 675 2970 ut
686 2929 745 2969 nos
756 2908 845 2970 omni
858 2918 1006 2989 tempore
1019 2907 1141 2969 habeas
1153 2907 1354 2985 laudatores.

151 3012 217 3074 per.

706 3130 797 3192 Alia.

195 3238 434 3322 [Omnipotens
461 3240 660 3321 sempiterne
685 3243 766 3304 deus
792 3262 927 3323 uespere
951 3251 984 3303 et
1012 3260 1109 3302 mane
1136 3238 1352 3325 et[s0.104v.

153 3327 289 3389 meridie
313 3327 519 3387 maiestatem
545 3336 637 3389 tuam
665 3329 857 3410 suppliciter
880 3328 1126 3409 depraecamur.
1143 3337 1179 3390 ut
1202 3330 1354 3411 expulsis

153 3414 194 3476 de
216 3412 370 3475 cordibus
394 3413 513 3474 nostris
529 3426 739 3494 peccatorum
757 3413 926 3483 tenebras†
942 3416 983 3477 ad
1004 3434 1115 3475 ueram
1134 3414 1241 3476 lucem
1267 3437 1354 3497 quae

153 3500 293 3562 christus
309 3509 360 3562 est
376 3520 435 3561 nos
453 3499 552 3562 facias
569 3504 747 3583 peruenire.
765 3523 831 3584 per.

708 3641 797 3702 Alia.

199 3749 398 3831 Uespertine
436 3750 542 3814 laudis
587 3753 694 3815 officia
740 3751 965 3833 persoluentes
1011 3746 1220 3810 clementiam
1260 3756 1353 3809 tuam

153 3835 288 3898 domine
326 3837 442 3900 humili
481 3859 598 3919 praece
635 3839 854 3921 deposcimus
894 3848 929 3900 ut
969 3834 1119 3898 nocturni
1150 3833 1354 3896 insidiatoris

154 3921 295 3997 fraudisl
310 3934 344 3986 te
360 3934 557 4006 protegente
573 3926 753 3989 uincamus.
770 3946 829 4007 per
844 3925 1025 3986 dominum.

707 4058 797 4121 Alia.

199 4168 380 4249 Propitiare
403 4169 537 4231 domine
565 4172 761 4252 uespertinis
786 4167 1083 4250 supplicationibus
1106 4162 1233 4226 nostris
1251 4172 1285 4225 et
1301 4161 1353 4223 lac

153 4272 213 4315 nos
240 4256 311 4317 sine
342 4256 410 4318 ullo
445 4266 537 4318 reatu
571 4259 744 4321 matutinis
775 4255 834 4320 tibi
867 4256 1020 4319 laudibus
1052 4249 1261 4335 praesentari.
1294 4269 1353 4330 per

152 4341 324 4404 dominum
342 4345 513 4406 nostrum?

378 4464 386 4498 ¹
405 4467 454 4515 For
465 4467 586 4514 custoditi.

376 4530 387 4565 ²
404 4532 459 4581 The
470 4532 545 4581 lower
556 4531 611 4582 ball
619 4533 648 4585 ol
656 4534 700 4587 the
710 4548 781 4587 verso
791 4530 821 4583 ol
827 4530 872 4581 fol.
888 4542 935 4593 104
945 4530 967 4580 is
978 4528 1063 4580 blank.
