3038 5106
222 331 255 392 48
491 336 565 385 VIII.
593 336 678 385 KAL.
709 336 786 385 IAN.
830 334 883 385 ΝΑ
891 335 988 385 TALE
1012 336 1164 386 DOMINI.

222 484 326 547 libera
350 506 404 549 me
427 508 486 568 per
508 486 571 549 hoc
594 497 842 551 sacrosanctum
866 508 986 570 corpus
1008 498 1042 550 et
1065 487 1264 570 sanguinem
1287 497 1384 550 tuum
1409 509 1430 550 a

223 573 350 634 cunetis
366 573 596 655 iniquitatibus
614 575 705 636 meis.
729 585 763 636 et
779 575 822 638 ab
844 574 1007 638 uniuersis
1031 574 1135 638 malis.
1151 585 1185 637 et
1208 574 1261 637 sac
1284 594 1338 638 me
1360 574 1429 637 tuis

223 679 355 740 semper
376 659 512 724 obedire
535 662 710 726 mandatis.
732 672 766 725 et
789 670 865 724 ate
888 682 1059 744 nunquam
1083 662 1226 744 separari
1244 663 1429 744 permittas

227 746 347 809 Amen.

268 831 367 913 Quod
391 838 448 896 or'e
470 836 673 916 sumpsimus
697 845 808 897 mente
835 855 918 917 pura
947 835 1127 916 capiamus.
1160 846 1193 898 et
1223 835 1266 898 de
1290 855 1429 898 munere

224 921 397 1002 temporali
415 920 472 984 fiat
489 922 584 985 nobis
600 923 781 985 remedium
798 923 1047 1004 sempiternum.
1093 922 1229 1005 Amen]

376 1134 441 1219 six.
466 1135 557 1198 KAL.
578 1137 656 1198 lau.
684 1135 838 1199 Ulcnm
864 1135 1030 1198 Nurums
1056 1135 1214 1199 Douuu.
1303 1133 1358 1216 [io.
1379 1151 1429 1213 31.

269 1272 361 1334 Deus
398 1272 454 1353 qui
494 1293 553 1334 nos
592 1269 831 1351 redemptionis
869 1281 1002 1333 nostrae
1040 1290 1151 1333 annua
1189 1271 1428 1353 expectatione

225 1357 391 1421 laetificas.
408 1369 540 1440 praesta
556 1368 592 1420 ut
608 1358 817 1440 unigenitum
835 1367 929 1420 tuum
952 1377 1052 1438 quem
1077 1359 1322 1439 redemptorem
1346 1358 1425 1420 laeti

224 1446 429 1527 suscipimus.
468 1446 656 1508 uenientem
708 1464 842 1526 quoque
887 1444 1030 1507 iudicem
1084 1445 1188 1507 securi
1240 1446 1425 1507 uideamus.

225 1532 398 1594 dominum
412 1542 570 1595 nostrum.

757 1654 894 1717 Secreta.

270 1769 324 1830 Da
340 1766 434 1829 nobis
450 1786 629 1848 quesumus
645 1766 858 1848 omnipotens
871 1767 962 1831 deus.
974 1777 1011 1830 ut
1027 1767 1112 1829 sicut
1124 1767 1166 1829 ad
1180 1767 1351 1830 adoranda
1369 1767 1424 1829 filii

224 1854 272 1917 tui
289 1854 445 1917 natalicia
461 1855 702 1936 praeuenimus.
718 1855 765 1916 sie
781 1854 851 1916 eius
875 1873 1012 1917 munera
1035 1854 1206 1937 capiamus
1222 1856 1425 1937 sempiterna

225 1941 419 2023 gaudentes.
431 1943 487 2023 qui
504 1951 622 2003 tecum.

738 2065 920 2145 Praefatio.

270 2179 319 2241 (Β
335 2188 369 2240 et
382 2178 504 2240 iustum
522 2187 572 2241 est
589 2197 732 2259 aequum
749 2186 783 2240 et
799 2176 942 2240 salutare
959 2197 1020 2240 nos
1036 2177 1096 2240 tibi
1112 2198 1242 2259 semper
1254 2188 1287 2241 et
1304 2178 1425 2260 ubique

224 2266 348 2346 gratias
374 2285 479 2345 agere.
496 2266 632 2327 domine
654 2273 789 2327 sanctae
812 2274 907 2345 pater
930 2265 1142 2346 omnipotens
1164 2275 1319 2328 aeternae
1335 2267 1424 2328 deus.

225 2373 284 2433 per
299 2352 457 2414 christum
481 2352 655 2414 dominum
679 2360 838 2413 nostrum.
864 2350 967 2415 Cuius
990 2351 1089 2414 hodie
1106 2350 1223 2415 faciem
1241 2353 1274 2415 in
1298 2352 1425 2415 conses-

225 2439 318 2501 sione
334 2439 577 2521 praeuenimus.
594 2446 627 2499 et
644 2458 725 2501 uoce
740 2437 881 2520 supplici
895 2458 1082 2502 exoramus.
1099 2448 1136 2502 ut
1151 2460 1250 2522 super
1266 2449 1425 2502 uenturae

227 2527 333 2587 noctis
356 2525 479 2587 officiis
502 2545 562 2586 nos
576 2525 622 2587 ita
638 2524 815 2607 peruigiles
832 2525 950 2587 reddar
966 2535 1002 2587 ut
1019 2526 1155 2588 sinceris
1172 2525 1340 2589 mentibus
1356 2528 1425 2589 eius

226 2614 393 2694 percipere
425 2632 610 2674 mereamur
640 2611 751 2672 natale
781 2622 967 2674 uenturum.
1002 2612 1041 2674 ln
1074 2633 1141 2694 quo
1179 2613 1353 2675 inuisibilis
1380 2633 1424 2675 ex

225 2701 412 2762 substantia
428 2708 485 2761 tua
503 2698 640 2761 uisibilis
656 2719 715 2778 per
730 2718 863 2760 carnem
880 2700 1034 2779 apparuit
1047 2700 1078 2760 in
1093 2709 1213 2762 nostra.
1231 2700 1425 2782 Tecumque

227 2807 317 2849 unus.
334 2807 401 2848 non
417 2795 567 2867 tempore
583 2785 722 2866 genitus.
740 2805 806 2847 non
825 2795 943 2848 natura
966 2786 1106 2849 inferior.
1122 2787 1164 2849 ad
1189 2807 1249 2849 nos
1265 2788 1358 2850 uenit
1380 2809 1425 2849 ex

226 2885 396 2955 temporae
413 2883 517 2934 natus.
529 2893 587 2955 per
602 2892 710 2953 quem.

672 3007 734 3068 Ad
745 3006 970 3087 cortpolcudum.

271 3121 325 3183 Da
357 3121 453 3183 nobis
490 3120 626 3182 domine
663 3139 843 3200 quesumus
884 3119 1045 3199 unigeniti
1085 3119 1141 3181 filii
1176 3121 1224 3182 tui
1264 3124 1425 3184 recensita

226 3208 400 3270 natiuitnte
417 3208 584 3289 respirare.
601 3207 694 3268 cuius
710 3206 843 3267 caelesti
862 3206 1020 3287 mysterio
1033 3208 1200 3287 pascimur
1215 3217 1249 3271 et
1261 3218 1424 3290 potamur.

227 3315 285 3376 per
300 3294 454 3357 eundem.

225 3521 301 3569 vm.
342 3507 432 3569 ΚΜ.
465 3506 545 3568 Inx.
574 3504 918 3653 Nun-ineMDoumr
951 3518 1002 3566 nn
1041 3503 1224 3568 Snucanu
1264 3506 1421 3571 Mamali

772 3604 924 3653 monum.

270 3731 363 3793 Deus
394 3731 450 3811 qui
481 3731 567 3792 hanc
598 3729 854 3791 sacratissimam
887 3737 1018 3790 noctem
1051 3729 1119 3791 ueri
1154 3728 1287 3792 luminis
1318 3731 1424 3795 fecisti

226 3818 445 3881 illustratione
468 3817 656 3879 clarescere.
672 3816 716 3877 da
738 3835 918 3895 quesumus
942 3824 978 3877 ut
994 3816 1087 3879 cuius
1110 3815 1191 3879 lucis
1216 3820 1376 3899 mysteria
1392 3821 1423 3882 in

225 3918 311 3968 terra
349 3906 574 3985 cognouimus.
609 3904 679 3965 eius
714 3922 847 3984 quoque
877 3903 1007 3982 gaudiis
1047 3903 1080 3964 in
1110 3903 1217 3988 [caelo
1260 3901 1316 3988 [fo.
1355 3924 1424 3986 31v.

226 3992 438 4074 perfruamur.
451 3992 507 4073 qui
521 4002 630 4053 tecum
647 3989 737 4052 uiuit.

756 4113 893 4177 Secreta.

269 4230 420 4310 Accepta
436 4228 495 4290 tibi
506 4228 549 4289 sit
561 4227 696 4289 domine
707 4246 889 4308 quesumus
901 4225 1080 4289 hodiernae
1093 4227 1284 4291 festiuitatis
1295 4230 1423 4293 oblatio

224 4328 260 4379 ut
285 4326 343 4379 tua
367 4316 474 4396 gratia
498 4314 658 4395 largiente
685 4335 743 4396 per
773 4314 854 4376 haec
878 4324 1089 4377 sacrosancta
1119 4314 1345 4391 commercio.†
1384 4319 1416 4379 in

223 4404 309 4466 illius
326 4399 650 4464 inueniamurforma
678 4402 710 4464 in
735 4421 802 4482 quo
826 4411 936 4464 tecum
957 4411 1007 4463 est
1024 4411 1137 4465 nostra
1151 4402 1345 4467 substantia
1368 4404 1424 4485 qui

224 4501 344 4554 tecum.
