3038 5106
429 375 481 425 ID.
511 374 597 427 Auo,
628 374 716 425 ΝΑΤ.
746 375 773 426 S.
810 374 988 426 YPPOLITI.
1270 390 1317 439 199

568 550 630 614 Ad
640 551 866 633 corrrplendum.

157 664 261 729 Sacro
277 683 412 727 munere
427 663 538 727 satiati
552 663 718 745 supplices
727 673 761 726 te
771 663 907 726 domine
917 663 1162 744 depraecamur.
1175 674 1211 727 ut
1223 665 1312 746 quod

107 752 246 816 debitae
261 751 430 814 seruitutis
445 749 673 813 caelebramus
689 750 806 815 oriici0.
823 750 1049 814 intercedente
1070 750 1169 815 beato
1185 751 1313 815 lauren-

109 840 161 902 tio
176 839 371 901 saluationis
386 848 465 901 tuae
480 838 663 900 sentiamus
679 849 908 920 augmentum.
925 857 991 920 per.

176 1054 244 1138 [ιιι.
271 1055 360 1119 Inus
394 1053 487 1118 Auo.
524 1053 680 1203 Nnrppe
719 1052 859 1116 Saucn
899 1052 1077 1118 Truunan
1138 1054 1312 1137 [fo.142v.

651 1154 817 1204 anesius.

158 1272 253 1334 Beati
268 1271 394 1335 tiburtii
412 1292 470 1333 nos
483 1270 617 1333 domine
631 1269 766 1333 soueant
776 1271 970 1334 continuata
981 1272 1144 1352 praesidia
1154 1272 1231 1353 quia
1247 1291 1313 1333 non

108 1360 236 1423 desinis
286 1359 404 1421 intueri
445 1358 606 1441 propitius
653 1377 737 1439 quos
786 1356 908 1419 talibus
946 1359 1078 1420 auxiliis
1116 1359 1315 1421 concesseris

110 1447 273 1510 adiuuari.
297 1466 361 1527 per.

650 1555 787 1619 Secreta.

158 1669 289 1732 Adesto
305 1670 440 1731 domine
456 1669 628 1751 praecibus
645 1668 758 1750 populi
772 1667 820 1730 tui
837 1668 955 1730 adesto
971 1668 1161 1730 muneribus
1178 1679 1214 1731 ut
1230 1688 1315 1750 quae

110 1758 215 1819 sacris
238 1768 315 1819 sunt
338 1756 451 1819 oblata
476 1756 641 1837 mysteriis
665 1767 796 1818 tuorum
821 1756 881 1817 tibi
905 1755 1059 1836 placeant
1084 1756 1317 1819 intercessione

112 1856 314 1907 sanctorum.
339 1864 405 1926 per.

625 1961 808 2042 Praefatio,

1048 2036 1054 2059 l

159 2077 209 2139 (f)
233 2086 366 2139 aeterne
382 2075 473 2139 deus,
519 2074 586 2157 Qui
610 2075 690 2138 dum
715 2076 803 2137 beati
820 2075 946 2137 tiburtii
964 2076 1118 2155 martyris
1135 2076 1182 2137 tui
1201 2076 1317 2138 merita

113 2164 259 2247 gloriosa
282 2183 480 2225 ueneramur
502 2163 664 2225 auxilium
697 2161 793 2224 nobis
825 2172 902 2225 tuae
936 2163 1180 2244 propitiationis
1203 2162 1317 2225 adfore

113 2254 359 2332 depraecamur.
407 2249 574 2331 Quoniam
588 2249 752 2311 credimus
769 2268 829 2310 nos
846 2269 1030 2331 percorum
1048 2250 1316 2312 intercessionem

112 2338 171 2420 qui
194 2336 254 2399 tibi
278 2337 432 2419 placuere
455 2346 666 2418 peccatorum
691 2346 878 2398 nostrorum
903 2336 1035 2397 ueniam
1060 2337 1244 2417 impetrare.
1260 2356 1319 2418 per

112 2424 273 2487 christum
290 2425 462 2486 dominum
480 2433 639 2486 nostrum.

560 2549 623 2612 Ad
640 2549 866 2631 corrmlendum.

160 2664 371 2747 Sumpsimus
408 2663 544 2726 domine
567 2662 687 2744 pignus
710 2661 948 2744 redemptionis
970 2670 1131 2725 aeternae.
1156 2662 1198 2725 sit
1221 2664 1317 2726 nobis

112 2771 295 2835 quesumus
334 2751 573 2815 interueniente
617 2748 717 2812 beato
761 2748 897 2812 tiburtio
943 2758 1087 2830 martyre
1125 2760 1183 2812 tuo
1228 2751 1316 2814 uitae

113 2840 299 2923 praesentis
315 2838 477 2901 auxilium
495 2837 617 2919 pariter
632 2845 665 2899 et
681 2833 818 2910 futural
833 2857 898 2918 per.

219 3026 311 3091 Inus
335 3025 429 3089 nuc.
456 3024 612 3087 NATALE
635 3022 776 3089 Sancm
799 3023 980 3088 Ymoemr
998 3023 1208 3088 Manrrnrs

160 3154 214 3217 Da
229 3153 324 3217 nobis
340 3154 551 3236 omnipotens
566 3152 648 3215 deus
664 3162 701 3215 ut
716 3154 804 3216 beati
821 3152 938 3235 ypoliti
964 3154 1117 3235 martyris
1144 3155 1192 3217 tui
1217 3175 1315 3218 uene·

112 3243 219 3305 randa
242 3237 525 3324 sollempnitatisl
546 3250 580 3304 et
603 3240 816 3304 deuotionem
847 3240 942 3302 nobis
965 3251 1086 3322 augeat
1108 3251 1142 3303 et
1164 3241 1313 3305 salutern.

114 3348 184 3411 per.

642 3438 782 3502 Secreta.

162 3552 303 3635 Respice
332 3552 467 3614 domine
505 3571 641 3613 munera
673 3551 785 3632 populi
820 3551 867 3613 tui
905 3562 1095 3614 sanctorum
1134 3550 1312 3614 sestiuitate

114 3640 240 3703 uotiua.
263 3648 297 3701 et
320 3652 397 3702 tuae
420 3637 608 3701 testificatio
632 3638 779 3700 ueritatis
804 3636 899 3699 nobis
922 3637 1072 3720 proficiat
1095 3638 1137 3700 ad
1161 3638 1310 3703 salutem.

114 3746 182 3809 per.

624 3837 805 3917 Praesatrb.

159 3950 209 4015 (D
255 3960 388 4011 aeterne
418 3950 507 4013 deus.
553 3948 599 4011 Et
629 3959 721 4012 tuam
751 3948 961 4012 clementiam
992 3949 1078 4011 uotis
1108 3948 1310 4030 supplicibus

112 4036 297 4119 implorare.
328 4044 365 4099 ut
394 4034 481 4099 beati
511 4035 630 4118 ypoliti
661 4036 851 4100 intercessio
881 4045 1091 4118 peccatorum
1123 4048 1309 4101 nostrorum

112 4124 263 4187 obtineat
279 4123 419 4186 ueniam.
435 4123 491 4205 qui
515 4142 573 4205 per
594 4132 761 4186 tormenta
784 4123 946 4205 passionis
969 4131 1136 4184 aeternam
1160 4125 1310 4204 peruenit

111 4212 155 4275 ad
170 4209 332 4295 glolriam.
349 4229 408 4291 per
422 4208 579 4272 christum
595 4208 768 4274 dominum
784 4220 941 4273 nostrum.
1167 4205 1223 4293 [so.
1245 4227 1312 4291 143.

562 4327 625 4391 Ad
640 4329 866 4411 corrmlendmrr.

158 4440 451 4507 sacramentorum
467 4450 600 4505 tuorum
617 4442 752 4505 domine
767 4442 958 4506 communio
971 4451 1105 4524 sumpta
1120 4462 1180 4503 nos
1196 4442 1310 4508 saluet.

116 4536 152 4593 et
167 4528 201 4592 in
217 4538 295 4593 tuae
309 4528 458 4592 ueritatis
473 4528 546 4592 luce
562 4527 741 4593 confirmet
757 4548 823 4611 per.
