3038 5106
393 346 433 397 II.
462 346 545 396 ΚΑΛ.
573 346 679 409 [OCZ]
703 346 791 397 ΝΑΤ.
819 347 846 396 S.
872 346 1094 398 HIERONIMI.
1303 357 1351 411 215

682 511 822 577 Secreta.

198 612 411 691 lSanctorum
443 622 575 676 tuorum
606 612 702 675 nobis
724 611 860 675 domine
891 613 946 694 pia
976 632 1042 673 non
1065 612 1152 675 desit
1177 608 1233 695 [so.
1262 624 1350 692 153v.

153 704 260 763 oratio
290 720 375 781 quac
405 710 439 763 et
472 719 608 762 munera
639 709 751 761 nostra
782 700 841 762 tibi
876 699 1036 761 conciliet.
1068 708 1101 761 et
1133 710 1224 761 tuam
1256 699 1352 762 nobis

154 787 394 868 indulgentiam
408 807 539 868 semper
550 786 706 849 obtineat.
724 807 789 868 per.

664 901 846 969 Praefatio.

198 1002 248 1065 (D
265 1010 398 1063 aeterne
421 1002 510 1063 deus.
559 1000 604 1062 Et
628 1000 839 1061 clementiam
868 1014 960 1061 tuam
986 1000 1178 1082 suppliciter
1204 1020 1351 1062 exorare.

155 1098 192 1152 ut
207 1109 281 1151 cum
299 1089 528 1152 exultantibus
543 1088 674 1149 sanctis.
693 1088 724 1148 in
750 1087 901 1147 caelestis
927 1088 1018 1167 regni
1044 1086 1207 1148 cubilibus
1230 1088 1353 1168 gaudia

155 1187 267 1238 nostra
297 1175 485 1257 subiungas.
529 1176 573 1237 Et
603 1195 686 1255 quos
719 1174 848 1235 uirtutis
880 1174 1064 1235 imitatione
1087 1194 1152 1235 non
1177 1194 1353 1255 possumus

155 1265 255 1344 sequi.
272 1263 404 1325 debitae
421 1263 643 1325 uenerationis
660 1261 893 1341 contingamus
910 1260 1039 1322 aflectu.
1058 1282 1115 1341 per
1130 1261 1299 1323 christum.

608 1381 670 1442 ald
681 1381 906 1461 currmleudum.

200 1482 356 1563 Protegat
382 1482 516 1543 dominc
548 1500 728 1561 quesumus
756 1480 915 1561 populum
951 1490 1054 1542 tuum.
1086 1490 1119 1542 ct
1144 1481 1353 1562 participatio

154 1568 304 1631 caelestis
330 1570 458 1630 indulta
485 1569 638 1629 conuiuii.
665 1578 699 1630 et
722 1568 911 1648 deprecatio
936 1565 1057 1628 collata
1080 1577 1278 1629 sanctorum.
1296 1589 1354 1649 per

154 1657 328 1719 dominum
346 1666 504 1717 nostrum.

179 1832 677 1897 111.K.-tL.Oc·T.Du1)1ch10
703 1830 899 1893 llasrmcas
924 1831 1064 1895 Saucrr
1089 1832 1332 1895 lllrcunruecrs

625 1918 888 1980 Ancnaucucr.

201 2031 294 2094 Deus
324 2033 380 2113 qui
413 2033 495 2094 miro
525 2032 640 2095 ordine
677 2030 870 2112 angelorum
904 2030 1085 2092 ministeria
1115 2030 1354 2112 hominumque

154 2118 335 2201 dispensas.
361 2120 505 2182 concede
535 2119 704 2200 propitius.
733 2128 769 2179 ut
794 2118 913 2198 quibus
945 2117 1003 2179 tibi
1031 2118 1293 2179 ministrantibus
1321 2120 1352 2178 in

155 2206 248 2269 caelo
259 2226 390 2287 semper
405 2206 575 2269 assistitur.
586 2206 629 2267 ab
641 2205 691 2267 his
707 2205 807 2267 ctiam
822 2205 854 2266 in
868 2215 954 2267 terra
964 2215 1077 2267 nostra
1093 2206 1161 2266 uita
1179 2206 1354 2267 muniatur.

156 2312 216 2375 per
230 2295 412 2357 dominum.

690 2407 827 2471 Secreta.

203 2506 340 2569 Hostias
357 2507 415 2569 tibi
440 2507 574 2569 domine
599 2506 705 2569 laudis
728 2504 897 2568 offerimus
922 2504 1114 2586 suppliciter
1130 2505 1354 2587 deprecantes.

157 2604 194 2655 ut
209 2594 342 2656 easdem
359 2594 509 2675 angelico
525 2616 586 2676 pro
602 2594 697 2656 nobis
714 2594 953 2655 interueniente
976 2592 1139 2673 suffragio
1156 2604 1189 2656 et
1206 2593 1355 2674 placatus

155 2681 306 2762 accipias.
323 2693 357 2744 et
380 2684 421 2743 acl
445 2681 585 2743 salutem
611 2690 766 2742 nostram.
783 2680 955 2761 prouenirc
982 2680 1152 2742 concedas.
1169 2701 1227 2762 per
1249 2681 1355 2742 domi·

156 2787 245 2831 num.

668 2886 849 2966 Praefatio.

202 2988 252 3051 (D
276 2998 409 3051 aeterne
425 2988 514 3050 deus
555 2988 667 3051 Sancti
679 2986 870 3050 michahelis
881 2985 1075 3068 archangeli.
1094 2987 1210 3050 merita
1226 2988 1354 3068 praecli-

158 3084 279 3137 cantes.
326 3073 489 3156 Quamuis
520 3077 609 3137 enim
640 3075 735 3137 nobis
767 3075 808 3136 sit
841 3074 948 3135 omnis
982 3074 1132 3153 angelica
1166 3076 1354 3136 ueneranda

158 3159 352 3224 sublimitas.
383 3182 467 3242 quae
505 3158 752 3231 immaiestatis†
781 3171 857 3222 tuac
894 3160 1044 3222 consistit
1082 3172 1267 3241 conspectu.
1300 3160 1355 3222 illa

160 3257 270 3310 tamen
286 3258 337 3311 est
360 3249 554 3330 propensius
576 3247 777 3310 honoranda.
794 3268 878 3328 quae
906 3248 937 3308 in
959 3248 1029 3309 eius
1052 3248 1175 3309 ordinis
1192 3248 1355 3328 dignitate

158 3334 308 3397 caelestis
325 3335 461 3397 militiae
478 3336 596 3397 meruit
613 3335 841 3417 principatum.
859 3354 917 3415 per
932 3334 1099 3397 christum.

607 3473 649 3551 lai
654 3472 680 3533 d
691 3471 915 3551 conploratam.
1209 3470 1265 3553 [lo.
1288 3486 1354 3548 154.

203 3571 297 3633 Beati
314 3570 502 3653 archangeli
519 3573 565 3634 tui
583 3571 775 3634 michahelis
793 3572 1025 3633 intercessione
1041 3569 1173 3632 suffulti.
1190 3569 1355 3652 supplices

158 3667 192 3720 te
207 3659 340 3720 domine
356 3658 573 3740 deprecamur
589 3669 624 3721 ut
634 3678 717 3741 quos
733 3658 857 3720 honore
874 3657 1109 3739 prosequimur.
1123 3659 1357 3739 contingamus

158 3754 193 3806 et
209 3758 327 3808 mente.
344 3765 410 3826 per.

630 3856 692 3918 Ad
704 3867 879 3937 uesperum.

203 3954 334 4017 Adesto
350 3956 437 4037 plebi
454 3966 532 4019 tuae
548 3956 731 4018 misericors
747 3956 836 4018 deus.
855 3964 887 4015 et
911 3964 946 4015 ut
962 3956 1088 4035 gratiae
1105 3963 1181 4017 tuac
1197 3953 1356 4016 beneficia

159 4043 290 4123 potiora
320 4043 484 4124 suscipiat.
523 4041 609 4105 beati
644 4041 835 4103 michahelis
868 4040 1055 4122 archangeli
1091 4040 1141 4104 fac
1172 4042 1355 4123 supplicem

158 4130 448 4211 deprecationibus
464 4128 635 4191 subleuari.
652 4148 710 4211 per
726 4129 899 4191 dominum
917 4140 1074 4190 nostrum.

197 4310 232 4360 11.
250 4296 341 4360 Kac.
365 4294 487 4371 Sciat
503 4296 659 4359 Narnia·
683 4296 824 4361 Sascrr
852 4296 1068 4359 Histrosnn
1094 4294 1325 4358 Pansmrmu.

205 4408 320 4475 Sancti
351 4408 525 4473 hieronimi
552 4430 613 4471 nos
636 4409 772 4473 domine
796 4407 953 4473 natalicia
985 4407 1099 4471 uotiua
1124 4406 1309 4471 laetilicent.
1326 4417 1360 4469 et

158 4516 239 4561 suae
255 4494 423 4561 beneficiis
437 4496 682 4561 intercessionis
697 4496 862 4562 attollant.
879 4515 945 4577 per.
