3038 5106
390 372 418 423 V.
451 374 502 425 ID.
532 373 619 426 AUG.
651 374 724 425 UIG.
754 374 782 424 S.
813 372 1035 426 LAURENTII.
1268 386 1313 437 197

647 550 784 615 Secreta.

159 660 300 724 Munera
315 661 375 724 tibi
391 661 526 725 domine
542 670 674 726 nostrae
690 662 879 725 deuotionis
902 660 1079 725 offerimus.
1095 681 1181 743 quae
1196 672 1230 725 et
1252 683 1313 745 pro

108 756 245 811 tuorum
262 747 322 810 tibi
345 758 440 831 grata
463 749 529 811 sint
556 749 681 812 honore
708 760 898 812 sanctorum
924 758 957 811 et
979 748 1073 811 nobis
1098 749 1255 813 salutaria
1279 760 1313 815 te

110 835 292 898 miserante
308 835 496 899 reddantur.
513 856 572 918 per
586 836 772 899 dominum.

565 981 628 1044 Ad
638 980 862 1062 corrmlendum.

159 1090 292 1154 Praesta
316 1091 411 1154 nobis
436 1092 571 1155 domine
586 1112 765 1174 quesumus
792 1091 1072 1154 intercedentibus
1097 1094 1220 1156 sanctis
1247 1096 1311 1157 tuis

109 1177 301 1278 felicissimo
331 1189 365 1241 et
394 1179 539 1262 agapito.
569 1190 605 1243 ut
631 1200 717 1262 quae
746 1199 803 1243 ore
832 1179 1064 1259 contingimus.
1091 1199 1173 1261 pura
1200 1194 1312 1245 mente

110 1284 294 1347 captamus.
310 1284 377 1347 per.

199 1459 263 1536 v1.†
289 1462 378 1525 Inus
402 1461 500 1526 Auo.
526 1461 682 1525 Narnrs
710 1460 852 1525 Saucrr
876 1460 1028 1524 Dorum
1053 1460 1233 1524 Enscon.

156 1581 249 1645 Deus
264 1583 320 1664 qui
344 1603 379 1645 es
402 1592 535 1646 tuorum
557 1583 663 1665 gloria
686 1581 905 1645 sacerdotum.
922 1590 1053 1663 praesta
1069 1600 1249 1662 quesumus
1272 1592 1308 1644 ut

109 1670 217 1731 sancti
244 1670 441 1733 confessoris
471 1679 504 1732 et
535 1670 681 1751 episcopi
712 1670 760 1732 tui
783 1668 898 1731 donati
929 1668 1022 1730 cuius
1054 1667 1137 1731 festa
1165 1669 1310 1750 gerimus

109 1757 294 1819 sentiamus
309 1757 481 1820 auxilium.
498 1777 556 1839 per
570 1757 743 1820 dominum
762 1765 919 1818 nostrum.

642 1885 779 1948 Secreta.

156 1997 291 2061 Praesta
306 2017 485 2079 quesumus
501 1997 636 2060 domine
662 2006 699 2059 ut
723 1997 896 2079 praecibus
919 1996 1025 2059 sancti
1049 1996 1245 2060 confessoris
1261 1998 1309 2059 tui

109 2094 143 2147 et
159 2084 305 2167 episcopi
320 2085 435 2147 donati
451 2104 550 2166 quem
567 2085 609 2148 ad
626 2083 757 2146 laudem
772 2084 914 2146 nominis
925 2084 972 2146 tui
985 2082 1102 2146 dicatis
1119 2085 1310 2146 muneribus

110 2170 321 2236 honoramus
346 2172 420 2253 piae
445 2171 540 2234 nobis
556 2172 745 2235 deuotionis
773 2170 897 2233 fructus
918 2171 1096 2233 adcrescat.
1121 2190 1181 2252 per
1207 2173 1309 2234 domi-

110 2278 201 2321 num.

563 2379 595 2441 A
599 2378 626 2441 d
636 2378 861 2461 conplendum.

156 2490 282 2555 Uotiua
301 2491 437 2554 domine
463 2491 552 2554 dona
578 2511 664 2573 quae
689 2512 748 2573 pro
775 2490 874 2554 beati¹
892 2499 925 2552 et
952 2490 1097 2572 episcopi
1120 2490 1168 2552 tui
1192 2490 1307 2552 donati

107 2576 355 2659 sollempnitate
378 2579 591 2659 percepimus.
608 2599 788 2660 quesumus
813 2589 849 2641 ut
874 2578 943 2641 eius
970 2577 1149 2659 praecibus,
1166 2587 1199 2640 et
1216 2598 1307 2658 prae·

107 2663 276 2737 sentibus†
291 2666 380 2728 uitae
404 2665 500 2727 nobis
523 2666 653 2747 pariter.
669 2676 702 2729 et
730 2677 864 2743 aeterne
880 2664 1006 2728 tribuas
1024 2663 1173 2727 conferre
1201 2663 1306 2726 subsi-

108 2752 211 2815 dium.
227 2772 286 2835 per
301 2751 474 2814 dominum
492 2762 650 2815 nostrum.

195 2936 243 2987 vr.
269 2924 358 2988 tous
382 2923 477 2987 Auo.
503 2922 658 2987 Nnrnua
682 2921 825 2988 Sancrr
849 2920 1006 2986 Cramer
1031 2920 1238 2984 Munatius.

154 3043 260 3113 lDeus
293 3045 349 3126 qui
375 3065 436 3107 nos
463 3064 575 3107 annua
599 3045 696 3107 beati.
722 3043 841 3125 cyriaci
874 3042 1028 3122 martyris
1056 3041 1103 3102 tui
1131 3040 1188 3122 [lo.
1216 3059 1304 3119 141r.

105 3130 354 3213 sollempnitate
388 3130 555 3195 laetificas.
581 3132 726 3195 concede
759 3130 931 3213 propitius.
966 3138 1002 3191 ut
1032 3128 1126 3190 cuius
1151 3129 1304 3191 natalicia

103 3217 246 3283 colimus
261 3218 415 3281 uirtutem
428 3239 561 3301 quoquc
577 3219 739 3300 passionis
755 3219 929 3279 imitemur.
946 3236 1011 3297 per.

637 3353 774 3417 Secreta.

151 3464 303 3547 Accepta
327 3466 369 3529 sit
397 3467 429 3528 in
454 3476 633 3549 conspectu
655 3477 713 3529 tuo
729 3466 864 3528 domine
889 3474 1001 3527 nostra
1023 3461 1167 3525 deuotio.
1184 3470 1216 3523 ct
1233 3461 1302 3522 eius

105 3552 202 3701 nobig
215 3550 272 3653 fiat
287 3553 529 3635 supplicatione
545 3554 706 3617 salutaris
717 3575 777 3636 pro
787 3554 879 3617 cuius
892 3552 1138 3633 sollempnitate
1148 3548 1300 3611 defertur.

103 3658 164 3723 per
203 3660 361 3704 omrnum.

552 3760 583 3822 Α
588 3760 615 3823 d
624 3759 849 3842 corrrplendum.
915 3730 921 3743 ,

150 3870 278 3965 Reseqti
303 3873 555 3955 participatione
580 3874 724 3937 muneris
750 3873 832 3936 sacri
856 3892 1036 3954 quesumus
1060 3870 1194 3935 domine
1219 3871 1301 3932 deus

105 3968 224 4021 noster.
240 3969 277 4023 ut
292 3960 384 4023 cuius
399 3961 569 4041 sequimur
583 3961 709 4024 cultum
726 3962 907 4023 sentiamus
923 3958 1088 4022 effectum.
1105 3978 1170 4039 per.

161 4157 193 4207 v.
218 4144 310 4209 Inus
334 4146 428 4211 Auo.
454 4148 608 4213 U1orurn
633 4148 774 4212 Saxcrr
799 4148 1014 4212 Lauasnrn
1040 4146 1245 4208 Manutius

148 4254 280 4320 Adesto
295 4258 430 4322 domine
452 4260 750 4343 supplicationibus
773 4261 892 4323 nostris
909 4269 942 4322 et
962 4258 1194 4321 intercessione
1210 4256 1299 4318 beati

104 4340 257 4407 laurentii
276 4346 432 4427 martyris
455 4348 511 4410 tui.
528 4356 723 4431 perpetuam
745 4347 841 4410 nobis
861 4345 1119 4409 misericordiam
1135 4344 1300 4422 benignus

103 4430 248 4494 intende.
267 4450 327 4513 per
340 4432 522 4497 dominum.

362 4546 371 4581 ¹
390 4550 540 4619 confessoris
550 4552 642 4604 should
654 4554 776 4619 prolably
787 4554 819 4603 be
830 4552 945 4619 supplied
957 4551 1024 4601 here.
