3038 5106
148 328 193 375 192
292 314 346 364 III.
378 312 462 363 Kar..
494 311 582 364 AUG.
610 311 697 361 Nar.
728 312 776 361 SS.
806 311 945 363 ABDON
965 312 1026 363 Er
1048 312 1231 364 SENNEN.

165 490 302 552 Eoncn
328 487 402 551 Dru
426 487 584 549 Narnia
609 485 846 636 Squcrqnulr
870 486 1061 551 Smrurcrr
1087 486 1292 552 Fausrrur
1317 503 1361 552 cr

674 587 855 637 uarnrcrs.

193 680 328 741 Praesta
371 697 555 759 quesumus
600 677 736 739 domine
775 688 811 740 ut
848 678 933 740 sicut
971 677 1122 760 populus
1164 678 1372 743 christianus

148 777 332 847 martyrum
364 774 498 827 tuorum
522 764 684 845 simplicii.
717 764 862 827 faustini.
890 773 923 827 et
953 764 1113 827 beatricis
1147 766 1374 848 temporalial

149 853 331 915 lestiuitate
347 853 548 932 congaudet.
565 852 611 912 ita
627 850 814 931 perfruatur
828 861 962 914 aeterna
976 864 1011 914 et
1026 852 1122 933 quod
1142 855 1240 917 uotis
1257 874 1373 917 aman·

149 941 275 1002 tissime
291 938 437 1001 celebrat
454 936 703 1019 conprehendat
720 937 848 1000 effectu.
866 958 930 1019 per.

684 1058 822 1121 Secreta.

196 1160 334 1221 Hostias
361 1158 421 1220 tibi
449 1157 584 1221 domine
609 1178 669 1238 pro
695 1169 886 1220 sanctorum
915 1170 1102 1239 martyrum
1129 1170 1277 1223 tuorum
1295 1162 1372 1224 sim-

150 1247 248 1329 plicii.
276 1246 416 1308 faustini.
450 1254 484 1306 et
515 1244 675 1306 beatricis,
706 1246 1025 1307 commemoratione
1055 1244 1259 1309 deferimus.
1295 1269 1373 1330 sup-

151 1335 280 1416 pliciter
294 1334 541 1413 depraecantcs,
560 1341 595 1393 ut
612 1329 854 1412 indulgentiam
871 1331 965 1394 nobis
982 1332 1106 1413 pariter
1132 1333 1321 1399 conferant
1339 1347 1372 1398 et

149 1421 299 1483 salutern.
319 1440 377 1501 per
392 1419 568 1481 dominum
585 1428 744 1483 nostrum.

600 1537 661 1600 Ad
678 1539 905 1619 cnrrptlcndum.

197 1641 332 1701 Praesta
356 1658 538 1718 quesumus
567 1639 779 1720 omnipotens
810 1639 901 1701 deus.
931 1647 968 1700 ut
998 1648 1196 1702 sanctorum
1231 1659 1370 1715 tuorum

152 1727 302 1807 simplicii
333 1725 475 1786 faustini.
502 1735 536 1786 et
561 1725 721 1787 beatricis
747 1725 946 1787 caelestibus
970 1726 1141 1805 mysteriis
1170 1727 1371 1792 caelebrata

151 1814 391 1895 sollempnitas.
408 1812 651 1892 indulgentiam
663 1813 758 1874 nobis
770 1822 848 1874 tuae
859 1812 1105 1893 propitiationis
1116 1812 1293 1895 adquirat.
1311 1837 1370 1899 per

150 1902 325 1963 dominum
343 1907 501 1960 nostrum.

169 2079 218 2126 111.
246 2063 457 2126 K.i1...luo.
485 2063 640 2124 Nsrnuu
664 2062 901 2127 Sancrouun
926 2064 1063 2126 Auuox
1091 2078 1138 2128 er
1165 2064 1348 2130 Sernes.

199 2176 303 2237 [Deus
342 2175 397 2255 qui
432 2176 555 2236 sanctis
587 2176 651 2236 tuis
682 2175 792 2237 abdon
824 2186 858 2238 et
889 2195 1014 2237 sennen
1039 2175 1080 2238 ad
1106 2177 1277 2259 hanc[s0.
1299 2182 1369 2258 138.

153 2263 291 2343 gloriam
320 2261 474 2323 ueniendi
503 2262 675 2341 copiosum
703 2282 822 2324 munus
846 2264 973 2343 gratiae
995 2263 1179 2325 contulisti.
1197 2266 1245 2327 da
1270 2268 1369 2329 nobis

154 2350 286 2412 famulis
303 2350 367 2411 tuis
383 2359 571 2411 nostrorum
589 2350 721 2411 ueniam
738 2349 934 2412 delictorum
953 2360 989 2412 ut
1005 2359 1200 2414 sanctorum
1227 2362 1367 2415 tuorum

154 2437 433 2500 intercedentibus
466 2436 598 2497 meritis.
624 2436 667 2498 ab
697 2437 852 2498 omnibus
880 2457 1066 2500 mereamur
1096 2438 1368 2503 aduersitatibus

156 2525 293 2587 liberari.
311 2544 375 2604 per.

684 2643 823 2706 Secreta.

202 2746 294 2806 llaec
326 2743 434 2805 hostia
464 2762 644 2822 quesumus
681 2744 816 2805 domine
853 2764 954 2825 quam
993 2753 1187 2806 sanctorum
1228 2754 1366 2808 tuorum

155 2832 308 2894 natalicia
340 2840 547 2891 recensentes
579 2829 756 2893 offerimus,
787 2843 820 2893 et
851 2831 984 2892 uincula
1015 2840 1147 2893 nostrae
1183 2834 1367 2912 prauitatis

155 2919 314 2981 absoluat.
353 2929 386 2978 et
425 2927 502 2978 tuae
548 2917 643 2978 nobis
692 2918 934 2979 misericordiae
971 2918 1060 2979 dona
1098 2919 1268 2983 conciliet.
1308 2941 1368 3001 pcr

155 3007 338 3067 dominum.

674 3124 854 3204 Praefatio.

200 3227 248 3288 tl]
274 3238 406 3286 aeterne
433 3224 521 3285 deus.
569 3224 613 3285 lit
641 3234 673 3285 te
701 3224 835 3286 laudare
852 3224 1035 3286 mirabilem
1060 3223 1158 3285 deum
1183 3224 1215 3285 in
1234 3227 1366 3288 sanctis

155 3314 227 3375 tuis.
259 3332 342 3392 quos
368 3322 444 3372 ante
471 3312 742 3373 constitutionem
769 3313 882 3374 mundi
901 3313 932 3372 in
950 3322 1119 3372 aeternam
1137 3310 1197 3372 tibi
1215 3312 1364 3391 gloriam

156 3400 367 3482 praeparasti.
386 3410 419 3459 ut
441 3419 499 3479 per
519 3418 575 3458 eos
595 3399 670 3458 lruic
693 3400 818 3460 mundo
842 3400 989 3460 ueritatis
1007 3408 1083 3460 tuae
1107 3398 1219 3458 lumen
1245 3408 1363 3462 osten-

156 3491 257 3550 deres.
305 3488 398 3565 Quos
416 3487 461 3545 ita
477 3486 591 3565 spiritu
610 3488 758 3546 ueritatis
776 3488 919 3546 armasti.
948 3498 983 3545 ut
1011 3484 1221 3545 formidinem
1240 3489 1364 3548 mortis

156 3595 215 3654 per
240 3571 464 3634 infirmitatem
490 3573 597 3632 carnis
622 3575 817 3633 innuerent.
871 3574 917 3631 lle
945 3592 1084 3652 quorum
1112 3571 1256 3649 collegio
1282 3583 1363 3636 sunt

158 3674 318 3740 martyres
335 3661 379 3719 lui
399 3662 423 3718 a'
443 3661 507 3718 tlon
525 3674 555 3718 et
575 3680 700 3719 sennes
718 3662 772 3739 qui
790 3662 946 3720 ecciesiae
964 3671 1039 3719 truie
1052 3669 1145 3738 prato
1158 3658 1244 3719 sicut
1263 3679 1363 3722 rosae

156 3760 188 3810 et
215 3748 280 3809 lilia
309 3746 493 3806 lloremn.
522 3768 603 3825 qun:
631 3749 788 3821 unigeniti
815 3749 860 3807 tui
886 3748 1019 3826 sanguis
1038 3747 1067 3805 in
1086 3744 1211 3825 proelio
1227 3747 1363 3807 conses-

156 3836 257 3895 sionis
289 3855 381 3895 roseo
412 3834 520 3894 colore
555 3832 706 3913 perfudit.
737 3847 768 3893 el
801 3834 1014 3914 obprobrium
1053 3832 1216 3914 passionis
1257 3834 1362 3895 niueo

158 3923 298 3984 liliorum
316 3920 490 4001 splendore
508 3921 649 3982 uestiuit.
668 3941 724 4001 per
740 3941 848 4000 quem.
1237 3916 1243 3921 ’

603 4042 665 4103 Ad
682 4042 907 4122 corrrpleudrrrrr.

201 4142 262 4203 Per
286 4141 382 4201 liuius
406 4139 540 4201 domine
571 4141 798 4221 operationem
825 4140 981 4221 mysterii.
1013 4149 1046 4200 et
1071 4137 1213 4200 uinculal
1238 4147 1359 4199 nostra

156 4231 349 4310 purgentur²
378 4228 656 4288 intercedentibus
687 4228 810 4289 sanctis
842 4228 906 4288 tuis
938 4227 1024 4288 iusta
1063 4225 1227 4287 desideria
1267 4244 1360 4286 com-

157 4317 316 4398 pleantur.
334 4334 392 4396 per
407 4315 580 4376 dominum
598 4324 755 4378 nostrum.

577 4422 584 4453 ¹
604 4425 652 4473 For
663 4426 735 4473 vitia.

577 4492 587 4521 ²
604 4491 641 4538 Et
652 4490 756 4540 omitted
769 4490 794 4539 in
807 4491 864 4540 lllS.
