3038 5106
435 362 552 413 HEBD.
583 363 636 413 III.
670 363 807 426 QUADR.
855 364 968 413 FERIA
998 363 1067 413 Illi.

646 564 764 628 Furem
790 565 855 629 ΙΙΙ.

198 700 335 765 Exaudi
362 722 422 763 nos
448 704 663 784 omnipotens
690 712 724 766 et
750 703 934 766 misericors
965 704 1045 768 deus
1072 715 1106 768 et
1131 704 1354 768 continentiae

155 788 309 852 salutaris
326 790 491 872 propitius
508 790 605 853 nobis
621 791 711 854 dona
726 792 881 854 concede.
898 811 964 873 per.

688 923 825 988 Secreta.

198 1032 262 1096 Per
299 1032 381 1097 haec
420 1034 536 1098 ueniat
571 1055 752 1117 quesumus
792 1036 928 1099 domine
968 1047 1175 1100 sacramenta
1221 1046 1352 1099 nostrae

158 1120 393 1203 redemptionis
417 1122 562 1186 effectus.
590 1124 646 1203 qui
670 1142 730 1184 nos
753 1131 787 1185 et
809 1124 853 1185 ab
876 1123 1029 1186 humanis
1054 1124 1198 1187 retrahat
1224 1144 1353 1205 semper

158 1208 356 1271 excessibus.
373 1218 406 1272 et
422 1211 464 1272 ad
481 1210 638 1273 salutaria
654 1220 773 1272 cuncta
789 1211 958 1291 perducat.
974 1232 1032 1292 per
1047 1213 1228 1274 dominum.

665 1348 846 1429 Praffau'o.

197 1456 262 1541 lffl
279 1467 412 1522 aeterne
428 1460 520 1523 deus.
567 1458 634 1541 Qui
651 1463 859 1542 peccantium
882 1481 946 1523 non
972 1461 1022 1523 uis
1045 1462 1173 1524 animas
1197 1460 1254 1542 [fo.
1277 1477 1349 1541 49v.

157 1546 258 1627 perire
295 1548 354 1610 sed
385 1546 508 1628 culpas.
532 1558 567 1611 et
600 1558 775 1630 peccantes
799 1569 866 1611 non
890 1549 1048 1611 continuo
1071 1550 1202 1610 iudicas.
1226 1549 1283 1610 sed
1308 1548 1350 1608 ad

158 1633 393 1713 poenitentiam
421 1636 633 1716 prouocatus¹
659 1646 827 1716 expectas.
873 1635 1001 1699 Auerte
1024 1655 1203 1716 quesumus
1219 1655 1239 1696 a
1255 1633 1350 1696 nobis

158 1738 254 1799 quam
285 1740 451 1784 meremur
481 1723 572 1785 iram.
602 1732 635 1785 et
665 1743 766 1803 quarn
797 1732 953 1805 optamus
983 1743 1082 1804 super
1119 1743 1178 1784 nos
1216 1720 1349 1784 effunde

157 1808 372 1870 clementiam.
388 1822 425 1870 ut
440 1828 534 1872 sacro
550 1808 711 1891 purificati
729 1811 856 1872 ieiunio
874 1809 1053 1873 electorum
1070 1818 1200 1872 tuorum
1218 1809 1350 1872 adscisi²

159 1912 341 1957 mereamur
352 1894 502 1978 collegio,
518 1917 578 1978 per
591 1896 760 1961 christum.

607 2031 670 2093 Ad
679 2031 905 2112 cumulandum.

197 2141 307 2209 Sacris
330 2142 467 2206 domine
490 2144 655 2225 mysteriis
677 2146 814 2226 expiati.
840 2155 874 2208 et
897 2145 1029 2207 ueniam
1053 2165 1295 2226 consequamur
1317 2154 1350 2208 et

158 2231 303 2313 gratiam.
320 2251 380 2314 per
394 2231 578 2295 dominum.

616 2341 724 2424 Super
729 2344 893 2425 populum.

196 2452 270 2517 Tua
297 2474 358 2516 nos
384 2454 520 2516 domine
547 2456 754 2536 protectione
780 2455 930 2518 defende.
962 2464 996 2517 et
1026 2456 1070 2518 ab
1099 2455 1189 2517 omni
1220 2475 1351 2537 semper

158 2539 328 2623 iniquitate
344 2542 482 2603 custodi.
499 2561 558 2622 per
574 2543 747 2604 dominum
765 2554 922 2605 nostrum.

629 2719 749 2782 Funrn
784 2720 867 2783 1111.

195 2856 330 2922 Praesta
346 2857 442 2920 nobis
456 2877 636 2940 quesumus
652 2859 788 2920 domine
803 2869 840 2921 ut
855 2856 1054 2920 salutaribus
1078 2857 1206 2919 ieiuniis
1229 2858 1349 2921 eruditi

156 2946 295 3008 anoxiis
310 2964 444 3025 quoque
467 2946 555 3007 uitiis
578 2945 790 3008 abstinentes.
814 2946 1084 3027 propitiationem
1108 2954 1199 3006 tuam
1223 2943 1350 3008 facilius

155 3032 371 3114 impetremus.
389 3052 448 3113 per
461 3033 644 3095 dominum.

681 3144 819 3207 Secreta.

192 3254 333 3337 Suscipe
347 3275 527 3336 quesumus
543 3256 678 3318 domine
694 3276 828 3337 praeces
844 3256 960 3338 populi
973 3257 1020 3318 tui
1036 3276 1111 3318 cum
1125 3256 1349 3319 oblationibus

154 3339 339 3405 hostiarum.
355 3353 389 3405 et
405 3352 463 3406 tua
478 3345 637 3424 mysteria
653 3344 878 3407 caelebrantes
894 3343 937 3407 ab
952 3343 1108 3406 omnibus
1124 3363 1184 3405 nos
1207 3345 1348 3406 defende

155 3430 310 3509 periculis.
327 3448 393 3511 per.

372 3538 377 3549 '
661 3534 842 3612 Praefatio.

192 3643 241 3707 ff)
257 3652 393 3707 aeterne
405 3644 495 3707 deus.
537 3644 712 3725 Tuamque
729 3645 987 3707 misericordiam
999 3644 1190 3726 suppliciter
1200 3665 1346 3708 exorare.

153 3740 186 3793 ut
200 3731 396 3794 ieiuniorum
413 3741 600 3793 nostrorum
623 3744 834 3795 sacrosancta
858 3734 1017 3813 mysteria
1040 3742 1116 3795 tuac
1140 3734 1206 3794 sint
1230 3734 1346 3814 pietati

152 3836 277 3899 semper
301 3828 446 3898 accepta.
491 3816 730 3899 Concedasque
755 3830 791 3881 ut
816 3840 956 3900 quorum
982 3840 1119 3901 corpora
1147 3822 1347 3896 abstinentie

152 3904 379 3968 obseruatione
403 3917 618 3968 macerantur.
654 3916 783 3969 mentes
805 3926 938 3987 quoquc
962 3909 1138 3970 uirtutibus
1170 3920 1203 3969 et
1225 3907 1346 3969 caeles-

154 3990 238 4056 tibus
252 3992 414 4055 institutis
430 4004 643 4056 exornentur.
660 4014 720 4076 per
734 3994 893 4056 christum
910 3996 1083 4057 dominum
1101 4008 1259 4057 nostrum.

594 4129 656 4192 Ad
665 4128 894 4211 corrplendum.

191 4236 385 4305 Sanctificet
408 4258 470 4301 nos
493 4258 673 4322 quesumus
700 4241 835 4304 domine
870 4260 936 4321 qua
972 4241 1059 4321 pasti
1090 4261 1204 4303 sumus
1231 4260 1347 4305 mensa

152 4325 309 4391 caelestis.
324 4334 394 4389 eta
416 4328 543 4389 cunctis
559 4328 722 4390 erroribus
745 4329 901 4410 expiatos
924 4329 1076 4409 supernis
1098 4330 1188 4411 spro-
1212 4327 1270 4410 [lo.
1295 4344 1344 4409 50.

152 4413 359 4477 missionibus
375 4412 492 4477 reddat
507 4425 671 4497 acceptos.
687 4435 753 4498 per.

310 4547 541 4613 'formatos
944 4548 1018 4600 ²For
1032 4552 1132 4601 adsciri.
