3038 5106
231 334 277 387 162
397 335 467 387 1111.
498 335 549 387 ID.
579 334 661 387 FEB.
690 336 778 387 NAT.
809 336 837 386 S.
868 335 999 387 zorrcl
1023 334 1109 388 CUM
1130 334 1258 388 SOCIIS.

783 505 876 571 Alia.

277 621 370 683 Deus
396 621 452 702 qui
479 619 596 682 beatae
621 619 758 701 uirginis
786 627 863 681 tuae
881 618 1076 683 scolasticae
1090 619 1247 684 animam.
1263 620 1307 684 ad
1324 630 1434 684 osten-

232 708 377 771 dendam
403 707 612 769 innocentiae
627 706 716 768 uiam
744 706 776 768 in
800 705 976 768 columbae
990 707 1101 789 specie
1116 706 1245 770 caelum
1261 718 1435 790 penetrare

234 794 348 858 iecisti.
358 795 503 857 concede
514 793 609 856 nobis
621 793 722 874 ipsius
741 792 865 855 meritis
882 793 1075 857 innocenter
1090 794 1202 857 uiuere
1218 791 1271 877 lut
1288 792 1347 880 [so.
1368 796 1435 858 116.

234 881 276 945 ad
293 881 411 944 eadem
428 899 613 943 mereamur
627 879 749 962 gaudia
765 880 945 962 peruenire.
962 900 1027 962 per.

770 1032 907 1096 Secreta.

280 1146 419 1229 Suscipe
434 1166 615 1227 quesumus
630 1145 764 1208 domine
783 1145 828 1208 ob
850 1145 974 1208 honore
990 1165 1102 1210 sacrae
1118 1147 1255 1228 uirginis
1271 1156 1350 1212 tuae
1366 1170 1440 1212 sco·

237 1234 372 1297 lasticae
403 1253 522 1295 munus
545 1232 703 1295 oblatum.
727 1243 760 1294 et
783 1233 873 1314 quod
905 1233 1025 1295 nostris
1055 1235 1186 1315 assequi
1218 1236 1345 1298 meritis
1372 1256 1437 1299 non

237 1320 397 1385 ualemus.
420 1320 568 1382 eiusdem
593 1318 852 1401 suffragantibus
880 1321 1004 1383 meritis
1035 1320 1153 1402 largire
1183 1322 1355 1403 propitius.
1381 1344 1440 1405 per

237 1408 420 1472 dominum.

689 1544 750 1607 Ad
761 1545 987 1626 conplendum.

283 1656 378 1739 Quos
402 1656 535 1719 caelesti
560 1658 695 1719 domine
721 1656 898 1720 reiectione
919 1658 1077 1739 saginasti
1108 1657 1226 1722 beatae
1256 1680 1440 1741 quesumus

240 1745 434 1809 scolasticae
460 1744 596 1824 uirginis
622 1752 699 1807 tuae
726 1744 857 1807 meritis.
888 1765 907 1807 a
939 1746 1065 1807 cunctis
1095 1745 1207 1808 exime
1238 1748 1440 1830 propitiatus

240 1833 394 1896 aduersis
412 1851 470 1912 per
484 1830 657 1893 dominum
676 1840 832 1893 nostrum.

416 2045 551 2108 Eonan
577 2044 649 2107 Dm
673 2044 850 2109 Snucrau
875 2045 1065 2110 Soruams
1091 2046 1281 2110 Umorms.

288 2174 423 2237 Praesta
447 2193 628 2256 quesumus
652 2175 865 2256 omnipotens
892 2177 974 2238 deus
991 2185 1028 2238 ut
1044 2185 1178 2238 sanctae
1194 2173 1336 2237 sotheris
1351 2172 1445 2235 cuius

241 2259 458 2323 humanitatis
474 2261 699 2324 caelebramus
725 2260 883 2336 exordioi
908 2263 1061 2345 martyris
1077 2260 1239 2325 beneficia
1253 2260 1447 2323 sentiamus.

243 2367 302 2428 per
316 2348 498 2411 dominum.

774 2485 912 2549 Secreta.

290 2596 425 2659 Praeces
464 2608 592 2660 nostras
623 2617 802 2678 quesumus
828 2598 962 2660 dominc
993 2599 1192 2679 propitiatus
1230 2596 1382 2658 admitte.
1413 2604 1447 2658 et

244 2682 391 2747 dicatum
409 2685 467 2747 tibi
483 2684 678 2746 sacrificium
697 2685 796 2747 beata
812 2685 952 2747 sotheris
969 2696 1096 2765 martyr
1111 2685 1333 2747 commendet.
1351 2703 1418 2764 per.

692 2837 754 2898 Ad
764 2837 988 2918 conplendum.

290 2947 434 3011 Sanctae
458 2947 597 3010 sotheris
623 2948 794 3029 praecibus
820 2947 1025 3012 confidentes
1051 2968 1230 3029 quesumus
1258 2948 1395 3010 domine
1411 2956 1449 3008 ut

245 3054 358 3115 perca
374 3055 459 3115 quae
483 3036 695 3116 sumpsimus.
720 3046 854 3098 aeterna
879 3038 1024 3099 remedia
1051 3036 1230 3116 capiamus,
1257 3054 1316 3116 per
1339 3035 1448 3097 domi·
1507 3070 1511 3083 ι

246 3140 334 3182 num.

389 3323 524 3386 Eoumr
551 3325 623 3385 Dm
647 3322 883 3388 Snucrouun
909 3325 1037 3387 Zomcr
1062 3338 1140 3388 cuir
1166 3323 1298 3386 Socus.

293 3451 439 3514 Domine
461 3455 542 3514 deus
568 3461 679 3513 noster
706 3452 890 3534 multiplica
914 3473 1012 3534 super
1036 3474 1096 3515 nos
1123 3451 1263 3532 gratiam
1288 3458 1450 3511 tuamet

249 3559 389 3621 quorum
417 3540 642 3601 caelebramus
668 3537 811 3619 gloriosa
849 3541 1037 3602 certamina.
1077 3540 1182 3601 tribue
1220 3537 1378 3618 subsequi
1417 3536 1451 3597 in

250 3636 365 3689 sancta
381 3625 586 3689 consessione
602 3626 783 3688 uictoriam.
800 3647 858 3707 per
873 3628 1045 3689 dominum
1063 3636 1220 3688 nostrum.

780 3767 916 3830 Secreta.

296 3880 434 3960 Suscipe
451 3898 630 3959 quesumus
647 3878 781 3939 domine
799 3898 934 3940 munera
961 3879 1074 3960 populi
1102 3878 1157 3940 tui.
1182 3895 1241 3956 pro
1266 3884 1452 3956 martyrum

251 3966 430 4029 festiuitate
446 3976 642 4027 sanctorum.
660 3975 693 4026 ct
708 3965 836 4026 sincero
861 3986 921 4028 nos
945 3968 1051 4028 corde.
1070 3964 1120 4026 sac
1145 3982 1258 4026 eorum
1286 3962 1452 4024 nataliciis

252 4055 415 4116 interesse.
432 4072 491 4133 per
504 4053 686 4114 dominum.

704 4204 735 4266 A
739 4203 766 4265 d
776 4204 1001 4284 conplendum.

297 4318 502 4383 Sacramenti
520 4316 567 4378 tui
583 4316 717 4378 domine
742 4336 921 4398 quesumus
946 4325 1080 4396 sumpta
1107 4313 1297 4377 benedictio
1312 4330 1452 4394 corpora

254 4418 366 4470 nostra
397 4416 590 4485 mentesque
620 4401 810 4466 sanctificet.
841 4413 875 4466 et
905 4411 1085 4484 perpetuae
1117 4400 1361 4463 misericordiae
1391 4417 1453 4460 nos

252 4504 426 4577 praeparet
441 4490 685 4555 adscribendos,
702 4510 760 4572 per
774 4491 947 4553 dominum
963 4498 1121 4552 nostrum.
