3038 5106
459 362 507 413 ΙΝ
526 362 629 413 stou.
657 362 805 413 S.·lNCTO
827 363 883 413 ΑΒ
905 362 1057 412 MISSAM.

285 568 381 633 ITEM
405 582 457 633 ΑΙ)
479 582 752 633 CATICUMINUM
776 582 825 631 Ex
850 582 1001 631 Pncnno
1024 582 1254 631 FAClENllUll.

210 688 369 752 Gentilem
406 689 567 753 ltoruimm
600 711 671 752 nrm
704 690 881 771 susceperis.
915 689 950 750 iu
973 690 1096 769 prr‘uris
1128 690 1264 751 cotrcion
1294 711 1365 751 rum

163 775 291 839 diuinis
313 777 512 839 sermonibus
540 788 572 839 ot
596 778 640 839 du
663 778 696 839 ri
719 778 842 838 monito
868 776 1134 857 qrrrmndmodum
1161 788 1233 857 post
1261 778 1365 855 cogrui-

164 872 233 925 tmu
248 863 418 927 ueritatem
434 865 544 927 uiuere
558 864 674 927 debeat.
719 865 801 925 Post
814 864 891 925 lutor
903 864 966 941 foc
986 884 1058 924 rum
1081 864 1318 925 cntinmu'uom.
1335 874 1367 925 rt

162 948 261 1031 sufflo
275 951 311 1013 iu
317 951 442 1031 sionim
463 952 532 1013 rius
553 962 585 1013 rt
596 953 660 1031 soc
672 950 705 1013 ri
715 971 836 1013 ermom
853 956 888 1012 iu
895 951 1042 1031 sroutrm
1058 960 1089 1012 rt
1103 951 1215 1031 iupom
1231 972 1364 1012 imruum

162 1048 260 1117 snper
270 1049 366 1118 caput
378 1038 449 1099 rirrs
464 1038 498 1101 iu
513 1038 566 1100 lris
580 1038 693 1100 rutubis

207 1124 334 1207 Accipe
349 1126 480 1205 signum
498 1127 601 1188 crucis
617 1137 685 1188 tam
703 1125 735 1186 in
752 1124 859 1186 fronte
869 1144 968 1205 quam
987 1125 1018 1184 in
1035 1124 1141 1186 corde.
1154 1144 1248 1185 sume
1264 1122 1363 1186 fidem

161 1212 353 1274 caelestium
376 1225 636 1293 praeceptorum.
683 1212 774 1274 Talis
797 1224 869 1273 esto
895 1211 1040 1273 moribus
1065 1220 1100 1272 ut
1124 1212 1285 1291 ternplum
1311 1213 1363 1271 dei

161 1318 234 1359 esse
250 1300 315 1361 iarn
332 1300 447 1381 possis.
495 1300 732 1380 Ingressusque
748 1299 920 1361 ecclesiam
937 1299 989 1359 dei
1007 1298 1150 1359 euasisse
1173 1311 1205 1360 te
1229 1300 1364 1378 laqueos

161 1386 276 1447 mortis
287 1385 393 1448 laetus
402 1406 556 1467 agnosce.
581 1388 744 1448 llorresce
755 1386 851 1447 idola.
863 1405 979 1465 respue
989 1385 1170 1446 simulacra.
1182 1385 1253 1446 cole
1263 1388 1362 1447 deum

160 1484 289 1553 patrem
300 1473 567 1555 omnipotentem
582 1484 616 1535 et
631 1474 735 1534 iesum
746 1473 903 1534 christum
916 1471 1017 1533 filiurn
1035 1473 1105 1533 eius
1120 1472 1176 1552 (lui
1193 1473 1275 1534 uiuit
1288 1492 1362 1534 cunr

160 1569 255 1639 patre
269 1570 303 1622 et
319 1560 434 1641 spiritu
451 1572 575 1622 sancto.
593 1580 651 1641 per
666 1561 778 1621 omnia
794 1560 925 1620 saecula
940 1558 1154 1620 saeculorum.
1170 1578 1276 1619 amen.

625 1696 785 1777 Sequitur
793 1696 904 1757 orotro.

204 1798 254 1862 Te
279 1800 438 1881 deprecor
469 1800 603 1862 domine
627 1810 741 1862 sancte
768 1810 863 1879 pater
888 1798 1100 1879 omnipotens
1122 1809 1255 1860 aeterne
1277 1799 1365 1860 deus.

159 1896 195 1947 ut
212 1886 287 1947 huic
303 1885 429 1949 famulo
445 1897 503 1949 tuo
519 1886 564 1949 ill.
579 1888 634 1967 qui
652 1888 683 1947 in
701 1886 822 1949 saeculi
847 1886 941 1947 huius
957 1895 1054 1946 noete
1070 1896 1210 1965 uagatur
1225 1887 1367 1947 incertus

158 1986 193 2033 et
216 1973 337 2035 dubius
361 1975 450 2035 uiam
477 1976 624 2037 ueritatis
651 1984 685 2034 et
711 1973 891 2053 agnitionis
916 1985 991 2033 tuae
1008 1972 1121 2033 iubeas
1136 1974 1363 2034 demonstrari.

158 2069 324 2140 quatenus
347 2062 499 2123 reseratis
524 2060 628 2122 oculis
655 2061 763 2122 cordis
789 2060 847 2120 sui.
865 2068 897 2120 te
924 2078 1026 2120 unum
1052 2060 1151 2120 deum
1178 2071 1304 2139 patrem
1332 2060 1364 2119 in

159 2144 292 2219 tilium.†
324 2155 357 2209 et
395 2146 499 2209 filium
538 2148 571 2209 in
611 2156 705 2228 patre
734 2166 810 2208 cum
841 2157 957 2207 sancto
995 2146 1110 2226 spiritu
1150 2156 1363 2225 recognoscat

159 2234 274 2313 j'atque
304 2232 401 2295 huius
431 2233 646 2297 consessionis
677 2233 818 2296 fructum
850 2243 882 2294 et
909 2234 961 2294 hic
988 2246 1022 2294 et
1050 2234 1081 2293 in
1106 2232 1216 2294 luturo
1241 2232 1295 2313 [lo.
1313 2250 1362 2309 70.

156 2320 291 2381 saeculo
306 2322 473 2403 percipere
490 2330 661 2383 mereatur.
678 2341 736 2402 per
751 2320 902 2382 eundem.

200 2406 284 2469 lude
296 2429 371 2470 uero
383 2419 556 2489 postquam
565 2407 754 2489 gustoucm't
769 2407 960 2469 ruedr'ciuom
975 2406 1056 2467 solis
1077 2415 1108 2467 ct
1130 2405 1239 2485 ipsese
1252 2405 1364 2486 sigum·

156 2494 244 2555 uerit
257 2494 424 2557 Benedicis
437 2516 519 2558 cum

202 2580 347 2643 Domine
363 2593 477 2645 sancte
493 2590 587 2662 pater
608 2581 821 2662 omnipotens
845 2590 977 2641 aeterne
1003 2579 1085 2641 deus
1110 2579 1165 2659 qni
1190 2589 1281 2640 eset
1306 2580 1362 2659 qui

154 2688 228 2730 eras
251 2678 285 2730 et
308 2689 481 2750 permanes
498 2688 601 2748 usque
625 2670 656 2728 in
683 2667 791 2729 finem.
807 2668 899 2728 cuius
924 2668 1016 2742 origo
1041 2670 1185 2727 nescitur
1207 2686 1265 2727 nec
1291 2664 1365 2725 finis

153 2754 391 2836 comprehendi
414 2765 533 2837 potest
551 2767 583 2816 te
598 2755 733 2816 domine
748 2754 913 2835 supplices
938 2754 1130 2815 inuocamus
1155 2773 1252 2833 super
1278 2752 1363 2813 hunc

156 2842 318 2904 famulum
334 2851 428 2904 tuum
446 2843 490 2903 ill.
507 2861 606 2923 quern
632 2841 776 2902 liberasti
800 2846 842 2901 de
865 2860 973 2901 errore
988 2840 1160 2919 gentilium
1177 2856 1210 2901 et
1226 2860 1361 2901 conuer-

155 2930 285 2990 satione
300 2930 499 3011 turpissima.
547 2928 694 3009 Dignare
710 2927 870 2989 exaudire
886 2946 961 2987 euni
978 2927 1034 3006 qui
1051 2927 1109 2988 tibi
1127 2928 1270 2987 ceruices
1285 2948 1361 2987 suas

155 3016 318 3079 humiliat.
364 3016 538 3078 Perueniat
555 3016 597 3076 ad
624 3014 744 3076 lauacri
770 3013 903 3076 sontem.
931 3024 966 3074 ut
993 3024 1125 3074 renatus
1153 3035 1196 3074 ex
1224 3034 1310 3093 aqua
1328 3024 1362 3075 et

155 3104 271 3183 spiritu
288 3111 418 3165 sanctu.¹
428 3101 619 3183 expoliatus
635 3111 781 3163 ueterem
798 3100 977 3161 hominem.
995 3100 1149 3160 induatur
1165 3119 1288 3161 nouum
1305 3102 1361 3180 qni

154 3190 337 3253 secundum
363 3190 462 3253 deum
486 3200 616 3250 creatus
638 3198 695 3250 est
741 3188 897 3267 Accipiat
922 3196 1047 3247 uestem
1075 3187 1296 3265 incorruptam
1328 3197 1361 3248 et

155 3276 399 3338 inmaculatam.
425 3276 552 3356 tibique
576 3276 714 3338 domino
736 3276 801 3337 deo
826 3283 938 3334 nostro
963 3274 1084 3334 seruire
1110 3286 1362 3354 inere.1tur·.per

152 3362 328 3425 dominum
343 3364 515 3425 nostrum.¹

328 3524 388 3607 tls
415 3526 587 3591 Sarrnnro
609 3538 753 3588 snscro
777 3536 902 3587 socru
926 3537 977 3585 nn
1002 3537 1149 3587 nissnn.
1238 3523 1292 3603 [to.
1310 3538 1360 3601 73.

199 3630 290 3693 Deus
307 3630 362 3711 qui
376 3630 462 3691 hanc
475 3630 731 3691 sacratissimam
747 3636 877 3690 noctem
889 3629 994 3709 gloria
1007 3628 1193 3689 dominicae
1204 3648 1360 3688 resurrec-

151 3717 252 3779 tionis
263 3716 419 3779 inlustras
431 3736 592 3778 conserua
607 3716 638 3777 in
653 3736 740 3777 noua
757 3715 900 3777 familiae
917 3726 993 3777 tuae
1007 3715 1161 3796 progenie
1173 3715 1361 3793 adoptionis

151 3806 303 3885 spiritum
319 3823 419 3885 quem
436 3803 566 3865 dedisti.
583 3813 619 3865 ut
634 3821 771 3883 corpore
797 3812 830 3864 et
857 3812 968 3864 mente
988 3802 1134 3863 renouati
1161 3822 1275 3883 puram
1303 3802 1360 3861 tibi

150 3890 333 3953 exhibeant
348 3891 551 3953 seruitutem.
568 3910 627 3971 per
641 3890 794 3951 eundern.

690 4000 829 4063 Secreta.

197 4100 337 4185 Suscipe
352 4100 488 4164 domine
503 4119 684 4181 quesumus
701 4120 834 4181 praeces
852 4098 964 4181 populi
982 4098 1028 4160 tui
1045 4118 1120 4161 cum
1137 4096 1360 4159 oblationibus

152 4190 345 4253 hostiarum.
361 4197 398 4251 ut
414 4187 627 4270 paschalibus
643 4188 772 4248 initiata
790 4188 955 4267 mysteriis
977 4184 1020 4247 ad
1044 4186 1248 4248 aeternitatis
1266 4188 1359 4247 nobis

152 4276 317 4339 medelam
334 4286 367 4339 te
382 4286 543 4358 operante
558 4272 740 4356 proficiant.
757 4294 815 4355 per
830 4274 1014 4335 dominum.

186 4452 195 4485 ¹
211 4456 267 4505 'l'lre
283 4456 330 4507 last
346 4454 404 4507 halt
415 4454 446 4505 ol
459 4454 503 4505 the
519 4464 588 4505 recto
603 4454 653 4503 and
671 4454 714 4503 the
731 4454 812 4503 whole
831 4472 903 4503 vernn
919 4452 948 4501 ot
961 4452 993 4502 to.
1014 4462 1047 4514 70
1063 4470 1105 4503 are
1124 4453 1208 4502 blank.
1259 4456 1313 4503 lus.
1330 4468 1357 4515 71

152 4522 204 4571 and
216 4532 248 4583 72
259 4536 301 4573 ure
311 4522 432 4587 occupied
445 4522 477 4585 by
489 4520 670 4571 illuminatione
679 4524 731 4579 (see
744 4519 826 4569 Plates
840 4519 971 4579 v-vltl.)
