3038 5106
511 358 566 407 Al)
593 357 637 408 CA
644 357 873 411 TICUMINUM
892 360 1130 416 FACIENDUM.

492 535 620 600 Deinde
626 535 788 618 presbiter
801 536 965 602 Dominus
979 539 1147 607 uobiscum.

267 650 491 733 Omnipotens
506 650 707 732 sempiterne
728 648 809 713 deus
833 660 926 732 pater
938 651 1064 716 domini
1082 656 1185 720 nostri
1209 656 1278 721 iesu
1296 659 1429 726 christi.

224 741 384 822 respicere
411 739 549 819 dignare
576 756 674 817 super
699 736 787 799 hunc
824 737 985 802 samulum
1024 749 1118 805 tuum
1156 743 1201 807 ill.
1239 766 1341 828 quem
1382 751 1426 813 ad

223 829 410 891 rudimenta
420 824 495 886 fidei
512 843 630 886 uocare
646 823 802 905 dignatus
817 844 853 886 es
868 845 1003 888 omnem
1014 829 1187 894 cecitatem
1200 835 1309 896 cordis
1325 836 1370 898 ab
1387 859 1429 899 eo

221 914 352 997 expelle
368 914 537 992 disrumpe
546 930 662 973 omnes
678 910 813 991 laqueos
829 920 965 975 satanae
980 914 1100 995 quibus
1116 915 1222 982 suerat
1237 921 1427 1003 colligatus.

221 1003 311 1084 aperi
328 1001 357 1063 ei
379 999 513 1061 domine
537 998 669 1059 ianuam
694 998 848 1078 piaetatis
864 1008 949 1062 tuae.
973 1013 1007 1062 ut
1023 1001 1120 1083 signo
1143 1007 1328 1087 sapientiae
1344 1020 1427 1074 tuae

221 1089 367 1151 imbutus
390 1086 539 1149 omnium
563 1085 783 1166 cupiditatum
808 1084 988 1149 foetoribus
1011 1100 1130 1153 careat.
1160 1102 1195 1155 et
1215 1093 1257 1155 ad
1281 1115 1424 1161 suauem

218 1178 354 1239 odorem
368 1181 618 1255 praeceptorum
632 1182 762 1233 tuorum
777 1171 883 1235 laetus
896 1174 955 1235 tibi
969 1175 1000 1235 in
1012 1176 1171 1240 aecclesia
1183 1188 1240 1242 tua
1252 1181 1423 1248 deseruiat

219 1275 252 1326 et
282 1260 433 1344 proficiat
463 1259 506 1321 de
528 1259 582 1321 die
605 1258 637 1319 in
661 1257 758 1320 diem.
789 1268 826 1321 ut
854 1260 992 1322 idoneus
1015 1260 1173 1327 efficiatur
1195 1269 1353 1332 accedere
1377 1272 1422 1335 ad

218 1352 359 1433 gratiam
376 1346 531 1429 baptismi
549 1346 597 1408 tui
613 1353 769 1427 percepta
785 1345 958 1411 medicina.
974 1368 1041 1429 per.

775 1483 867 1546 Altis.

263 1597 398 1657 Praeces
415 1604 545 1657 nostras
560 1614 740 1676 quesumus
763 1594 897 1658 domine
913 1594 1094 1661 clementer
1115 1601 1247 1664 exaudi.
1271 1611 1306 1666 et
1327 1604 1419 1669 hunc

216 1682 357 1745 electum
396 1693 490 1744 tuum
532 1681 571 1743 N.
608 1682 712 1744 crucis
736 1682 930 1745 dominicae
969 1685 1061 1746 cuius
1099 1687 1303 1768 inpressione
1338 1713 1419 1757 eum

216 1771 386 1850 signamus
417 1770 537 1831 uirtute
568 1769 697 1830 custodi
728 1778 764 1830 ut
795 1771 1033 1851 magnitudinis
1061 1772 1186 1853 gloriae
1216 1778 1417 1844 rudimenta.

215 1876 350 1918 seruans
378 1876 436 1937 per
465 1854 650 1917 custodiam
675 1856 908 1919 mandatorum
933 1868 1065 1921 tuorum
1089 1861 1131 1922 ad
1155 1867 1416 1944 regenerationis

214 1943 353 2026 gloriam
377 1943 547 2024 peruenire
571 1944 775 2006 mereamur.l
791 1964 850 2026 per
862 1944 1043 2008 dominum.

380 2077 574 2140 ²Benedr'ctrb
588 2074 602 2161 [
602 2126 972 2144 ........
974 2074 989 2164 ]
1002 2076 1243 2166 cotr'cum[im's.]

258 2181 425 2244 Exorcizo
441 2190 474 2243 te
490 2192 638 2243 creatura
654 2181 739 2244 salis.
757 2182 789 2244 in
806 2183 940 2245 nomine
953 2183 1056 2265 patris
1072 2185 1312 2266 omnipotentis
1326 2195 1361 2249 et
1379 2187 1412 2249 in

214 2268 354 2331 karitate
378 2269 502 2331 domini
520 2270 622 2330 nostri
639 2269 707 2330 iesu
724 2268 895 2353 christilet
906 2270 937 2332 in
954 2271 1076 2334 uirtute
1102 2272 1237 2353 spiritus
1263 2269 1320 2356 [s0.
1336 2276 1411 2351 64v.

211 2357 317 2418 sancti
334 2357 488 2418 exorcizo
510 2364 551 2417 te.
575 2376 633 2436 per
655 2355 755 2417 deum
779 2357 892 2418 uiuum
910 2367 943 2420 et
965 2377 1023 2439 per
1046 2358 1145 2419 deum
1162 2378 1286 2421 uerum.
1302 2361 1360 2441 qui
1377 2371 1412 2423 te

210 2444 254 2506 ad
285 2442 422 2506 tutelam
447 2442 582 2504 humani
606 2444 734 2523 generis
765 2444 957 2524 procreauit.
984 2455 1019 2508 et
1038 2445 1163 2525 populo
1192 2446 1338 2508 uenienti
1367 2448 1410 2510 ad

211 2529 440 2593 credulitatem
458 2550 515 2609 per
530 2549 642 2591 seruos
657 2550 735 2593 suos
757 2531 939 2592 consecrari
962 2532 1137 2612 praecepit.
1161 2542 1198 2594 ut
1222 2533 1253 2593 in
1273 2535 1411 2596 nomine

210 2629 323 2680 sancte
341 2618 495 2679 trinitatis
519 2615 669 2678 efficiaris
692 2616 835 2679 salutare
857 2627 1100 2679 sacramentum
1124 2618 1166 2680 ad
1190 2618 1408 2700 effugandum

211 2706 387 2767 inimicum.
436 2704 575 2766 Proinde
599 2724 753 2784 rogamus
784 2713 817 2765 te
839 2704 974 2766 domine
997 2705 1078 2766 deus
1110 2715 1229 2768 noster.
1259 2716 1296 2768 ut
1320 2705 1407 2770 hanc

209 2793 378 2855 creaturis³
395 2791 471 2852 salis
492 2790 730 2852 sanctificando
753 2790 946 2853 sanctifices.
970 2790 1197 2854 benedicendo
1221 2792 1407 2857 benedicas.

210 2891 245 2941 ut
269 2877 326 2941 frat
350 2878 504 2940 omnibus
527 2877 764 2958 accipientibus
795 2877 939 2958 perlecta
962 2879 1126 2940 medicina
1150 2899 1348 2961 permanens
1373 2883 1404 2942 in

208 2967 388 3028 uisceribus
399 2986 512 3027 eorum
524 2965 555 3025 in
567 2965 701 3025 nomine
712 2966 837 3025 domini
850 2965 952 3026 nostri
964 2966 1032 3026 iesu
1043 2965 1154 3027 christi
1167 2967 1223 3047 qui
1236 2979 1404 3031 uenturus

252 3054 327 3115 Hac
340 3054 482 3115 oratione
504 3052 624 3132 capiate
639 3050 774 3131 accipiat
794 3052 938 3114 sacerdos
952 3051 990 3115 de
1004 3051 1110 3114 eodem
1124 3052 1191 3115 sale
1204 3062 1236 3114 et
1249 3064 1355 3135 ponat
1369 3057 1403 3117 in

203 3163 256 3203 ore
277 3141 451 3217 infantum.

251 3228 376 3309 Accipe
392 3227 494 3287 salem
511 3225 693 3306 sapientiae
710 3226 906 3306 propitiatus
924 3225 955 3288 in
972 3226 1076 3288 uitam
1094 3236 1269 3288 aeternam.

251 3315 342 3376 Deus
358 3325 490 3394 patrum
515 3323 709 3374 nostrorum.
734 3312 814 3374 deus
838 3314 1010 3375 uniuersae
1033 3314 1185 3375 conditor
1207 3315 1355 3377 ueritatis
1371 3326 1404 3378 te

205 3402 370 3482 supplices
386 3420 573 3461 exoramus,
586 3409 622 3460 ut
634 3399 721 3460 hunc
735 3398 895 3461 famulum
911 3411 1005 3462 tuum
1022 3400 1066 3461 ill.
1084 3401 1243 3481 respicere
1258 3402 1404 3483 digneris

205 3489 375 3570 propitius
392 3497 427 3548 ut
449 3487 511 3547 hoc
528 3487 669 3566 primum
695 3486 852 3566 pabulum
874 3486 952 3549 salis
974 3496 1164 3568 gustantem
1189 3507 1254 3548 non
1278 3488 1404 3551 diutius

205 3577 325 3637 esurire
342 3572 522 3654 permittas,
539 3573 716 3653 quominus
732 3573 818 3653 cybo
834 3573 1009 3653 expleatur
1024 3573 1167 3635 caelesti.
1184 3575 1341 3654 quatinus
1361 3577 1403 3637 sit

204 3681 334 3740 semper
350 3661 485 3721 domine
500 3660 615 3740 spiritu
636 3658 773 3721 feruens.
791 3680 851 3740 spe
873 3661 1031 3741 gaudens
1048 3670 1107 3722 tuo
1122 3680 1253 3740 semper
1276 3664 1402 3725 nomini

204 3749 356 3810 seruiens
374 3746 497 3829 perduc
513 3765 588 3807 eum
605 3746 647 3806 ad
665 3766 771 3807 nouae
794 3748 1050 3827 regenerationis
1073 3747 1249 3809 lauacrum.
1267 3759 1304 3810 ut
1327 3770 1401 3811 cum

203 3835 356 3897 fidelibus
387 3835 451 3895 tuis
482 3833 737 3914 promissionum
761 3842 893 3895 tuarum
916 3844 1051 3896 aeterna
1074 3835 1221 3915 praemia
1243 3837 1402 3918 consequi

204 3931 375 3984 mereatur.
392 3940 457 4002 per.

484 4030 608 4093 lterum
617 4029 709 4110 sacis
723 4051 844 4093 crucem
862 4033 897 4093 in
904 4032 1019 4110 fronte
1033 4032 1111 4094 eius.

247 4136 339 4197 Deus
352 4134 519 4196 abraham.
536 4133 617 4196 deus
634 4135 728 4196 isaac.
745 4136 827 4198 deus
852 4135 953 4198 iacob.
966 4137 1047 4198 deus
1063 4135 1118 4217 qui
1144 4136 1251 4217 moysi
1274 4136 1401 4199 samulo

201 4233 259 4285 tuo
276 4224 307 4283 in
333 4231 447 4284 monte
470 4222 552 4283 sinai
577 4222 766 4302 apparuisti.
790 4231 824 4284 et
840 4220 924 4285 filios
947 4223 1064 4285 israhel
1088 4224 1130 4285 de
1153 4235 1238 4286 terra
1263 4225 1400 4306 aegypti

201 4310 346 4372 eduxisti
369 4311 533 4390 deputans
555 4309 602 4370 eis
626 4308 780 4389 angelum
804 4310 937 4391 pietatis
959 4321 1037 4372 tuae
1060 4312 1115 4392 qui
1140 4311 1322 4375 custodiret
1345 4331 1401 4374 eos

230 4421 241 4516 i
256 4420 508 4549 'ibis'iiiiaiipartly
519 4484 636 4548 illegible.
672 4485 728 4534 The
739 4483 842 4550 missing
853 4487 936 4537 words
946 4502 987 4536 are
999 4486 1105 4551 perhaps
1119 4487 1202 4537 “salis
1213 4485 1318 4537 dandi.”

231 4546 242 4579 ⁸
260 4550 310 4599 For
320 4558 468 4600 creaturam.
