3038 5106
559 352 671 404 MISSA
694 352 934 405 SACERDOTIS
951 353 1125 405 PROPRIA.

730 511 827 575 lusu
849 510 958 575 Atra,

287 639 488 724 Suppliciter
513 650 547 704 te
573 641 721 722 piissime
745 638 842 725 (deus
866 650 962 723 pater
976 641 1190 723 omnipotens
1205 641 1262 722 qui
1278 640 1334 723 [fo.
1356 641 1444 702 182v.

242 746 277 790 es
293 735 421 790 creator
435 728 585 791 omnium
610 747 716 791 rerum
740 727 921 810 depraecor
935 737 972 791 ut
986 727 1067 791 dum
1093 747 1146 791 me
1168 727 1331 791 famulum
1350 736 1444 790 tuum

143 873 148 883 ,
242 833 354 877 coram
370 814 615 897 omnipotentia
631 814 813 877 maiestatis
828 824 906 877 tuae
920 816 1067 897 grauiter
1081 815 1259 897 deliquisse
1274 812 1445 877 confiteor.

243 920 378 964 manum
407 901 649 963 misericordiae
675 910 752 964 tuae
777 900 857 963 mihi
884 901 1043 984 porrigas.
1058 912 1222 983 quatenus
1250 903 1331 964 dum
1358 901 1444 963 hanc

242 988 446 1051 oblationem
463 997 540 1051 tuae
555 987 671 1070 pietati
698 1008 759 1071 pro
785 988 930 1069 peccatis
953 989 1035 1051 meis
1058 987 1169 1052 offero.
1186 988 1276 1070 quod
1292 987 1446 1069 nequiter

243 1075 370 1138 admisi.
387 1075 647 1152 clementissime
662 1074 808 1156 digneris
824 1074 1003 1139 absoluere.
1021 1095 1087 1158 per.

774 1199 912 1264 Secreta.

287 1312 379 1376 Deus
404 1313 654 1376 misericordiae.
682 1314 764 1376 deus
788 1313 930 1395 pietatis
946 1313 1028 1375 deus
1051 1312 1285 1394 indulgentiae.
1309 1312 1447 1395 indulge

241 1419 365 1482 quaeso
381 1410 414 1462 et
431 1401 584 1462 miserere
605 1400 669 1462 mei
685 1399 770 1462 serui
787 1400 834 1462 tui
851 1409 884 1463 et
899 1398 1095 1463 sacrificium
1111 1400 1201 1481 quod
1217 1400 1352 1481 pietatis
1369 1410 1447 1462 tuae

241 1486 348 1569 gratia
371 1507 431 1570 pro
455 1487 600 1570 peccatis
624 1487 705 1549 meis
732 1485 835 1549 offero
861 1485 1026 1568 benignae
1049 1487 1194 1569 digneris
1218 1487 1396 1569 suscipere.
1411 1495 1445 1549 et

241 1582 379 1655 peccata
405 1593 490 1655 quae
517 1573 705 1636 labentibus
737 1573 826 1635 uitiis
856 1574 1017 1636 contraxi.
1042 1573 1116 1656 pius
1146 1583 1180 1635 et
1211 1574 1376 1655 propitius
1407 1593 1445 1635 ac

242 1661 414 1723 miseratus
431 1660 611 1743 indulgeas.
621 1670 655 1723 et
666 1659 774 1722 locum
788 1661 1013 1742 poenitentiae
1028 1681 1067 1724 ac
1083 1659 1220 1723 flumina
1232 1661 1444 1722 lacrimarum

240 1747 409 1810 oculorum
449 1767 597 1811 meorum
635 1767 792 1810 concessa
829 1748 969 1810 ueniam.
1008 1768 1028 1810 a
1059 1757 1092 1810 te
1131 1767 1257 1810 merear
1294 1748 1447 1828 accipere

240 1834 444 1898 delictorum.
464 1854 529 1917 per.

748 1953 930 2033 Praefatio.

286 2066 335 2129 (D
352 2086 411 2147 per
421 2065 580 2129 christum
590 2066 764 2129 dominum
777 2076 937 2130 nostrum.
983 2066 1049 2149 Qui
1066 2087 1126 2148 pro
1141 2086 1254 2129 amore
1270 2065 1446 2129 hominum

241 2150 344 2215 homo
374 2153 479 2215 factus
510 2154 542 2215 in
579 2153 828 2216 similitudinem
867 2153 974 2216 carnis
1011 2154 1138 2236 peccati
1177 2153 1319 2216 sormam
1359 2153 1446 2216 serui

241 2238 395 2303 dominus
411 2240 598 2322 assumpsit
615 2250 649 2303 et
674 2241 706 2302 in
733 2241 864 2322 speciae
888 2240 1058 2303 uulnerati.
1077 2240 1224 2303 medicus
1250 2240 1445 2304 ambulauit.

243 2326 310 2389 Hic
340 2326 435 2388 nobis
465 2327 620 2390 dominus
657 2336 692 2390 et
730 2328 879 2391 minister
908 2327 1032 2391 salutis,
1055 2328 1237 2390 aduocatus
1267 2337 1302 2390 et
1333 2326 1446 2390 iudex.

240 2414 394 2476 sacerdos
421 2424 454 2476 et
480 2413 684 2477 sacrificium.
733 2415 794 2477 Per
817 2413 904 2477 hunc
929 2424 962 2477 te
984 2424 1120 2477 sanctae
1135 2424 1230 2497 pater
1252 2414 1447 2497 suppliciter

241 2519 345 2563 exoro
372 2512 408 2563 ut
431 2503 511 2565 dum
538 2511 666 2563 reatum
692 2501 916 2564 conscientiae
947 2521 1040 2564 meae
1063 2521 1273 2583 recognosco.
1296 2500 1387 2582 quod
1411 2502 1446 2562 in

240 2588 424 2670 praeceptis
454 2589 520 2650 tuis
550 2586 791 2669 prauaricatorl
820 2589 916 2650 extiti
947 2598 980 2649 et
1012 2608 1070 2670 per
1095 2587 1290 2650 delictorum
1319 2587 1447 2649 facinus

241 2675 346 2736 corrui
374 2675 406 2736 in
434 2676 569 2737 ruinam.
615 2674 667 2736 Tu
696 2695 749 2736 me
776 2675 911 2737 domine
938 2676 1034 2756 erige.
1051 2695 1150 2756 quem
1178 2675 1291 2756 lapsus
1316 2676 1445 2757 peccati

240 2762 427 2843 prostrauit.
476 2761 643 2823 lnlumina
655 2782 790 2824 caecum
806 2781 905 2842 quem
922 2759 1040 2825 terrac¹
1056 2771 1267 2843 peccatorum
1284 2762 1447 2842 caligines

240 2849 507 2911 obscurauerunt.
556 2848 656 2912 Solue
680 2847 906 2931 compeditum
935 2869 1034 2930 quem
1059 2845 1208 2921 uinculol
1229 2859 1443 2930 peccatorum

240 2937 479 3016 constringunt.
550 2936 684 2998 Praesta
729 2956 788 3017 per
825 2946 976 2998 sanctum
1016 2946 1049 2998 et
1087 2935 1275 3017 gloriosum.
1315 2945 1350 2997 et
1389 2934 1448 2997 ad·

239 3022 415 3101 forandum
432 3024 536 3085 iesum
553 3021 726 3084 dominum
743 3033 901 3084 nostrum.
918 3042 1016 3104 quem
1034 3023 1178 3084 laudant.
1298 3020 1355 3103 [fo.
1377 3024 1445 3101 183.

704 3156 804 3235 Infra
820 3157 983 3218 actionem.

285 3266 383 3329 Hanc
400 3268 499 3348 igitur
514 3268 717 3331 oblationem
745 3288 845 3349 quam
870 3269 929 3331 tibi
953 3267 1057 3331 offero
1072 3269 1207 3331 domine
1223 3289 1284 3350 pro
1300 3269 1445 3350 peccatis

241 3353 322 3415 meis
339 3355 447 3415 nimiis
470 3366 503 3417 et
528 3355 765 3418 offensionibus
794 3356 1000 3417 maiestatem
1018 3367 1110 3417 tuam
1128 3356 1205 3418 totis
1222 3356 1347 3418 uiribus
1364 3355 1445 3416 deus

240 3441 387 3521 piissime
411 3441 526 3503 humili
543 3463 660 3524 praece
676 3445 832 3525 deposco
848 3451 884 3504 ut
911 3443 1088 3523 dignanter
1108 3443 1268 3523 suscipias
1286 3462 1392 3504 exoro
1408 3452 1442 3503 ut

241 3529 390 3590 remittas
406 3529 544 3589 crimina
560 3550 645 3609 quae
672 3530 777 3592 carnis
801 3529 979 3610 fragilitate
1002 3529 1129 3591 admisi.
1147 3530 1247 3591 etiam
1265 3530 1385 3591 reuerti
1401 3529 1441 3589 ad

240 3634 280 3675 ea
311 3634 376 3675 non
405 3616 500 3676 sinas
563 3617 629 3678 Sed
664 3615 823 3678 confirma
849 3637 901 3678 me
932 3617 965 3678 in
997 3615 1283 3678 iustificationibus
1315 3616 1381 3678 tuis
1411 3629 1443 3676 et

241 3702 518 3782 perseuerantiam
551 3701 630 3763 mihi
655 3703 760 3765 tribue
784 3705 816 3765 in
841 3704 912 3765 illis.
960 3702 1004 3765 Et
1035 3702 1086 3765 sac
1117 3723 1170 3765 me
1200 3702 1340 3784 dignum
1369 3712 1444 3765 ante

240 3799 455 3870 conspectum
487 3798 581 3850 tuum
608 3790 746 3851 adstare.
771 3800 804 3852 et
830 3789 1026 3853 sacrificium
1050 3791 1110 3852 tibi
1135 3800 1227 3852 casto
1251 3810 1389 3872 corpore
1412 3800 1444 3850 et

242 3877 367 3938 mundo
383 3877 482 3937 corde
507 3876 608 3957 digne
635 3873 759 3937 offerre.
775 3896 954 3958 quesumus
982 3878 1117 3939 domine
1141 3888 1176 3938 ut
1193 3876 1344 3958 placatus
1361 3877 1443 3938 acci-

240 3982 319 4042 pras.

693 4083 756 4144 Ad
766 4084 991 4164 conplendum.

285 4194 376 4257 Deus
400 4196 455 4276 qui
482 4196 633 4257 uiuorum
661 4216 696 4257 es
721 4194 868 4258 saluator
893 4196 1042 4258 omnium
1070 4197 1125 4277 qui
1150 4216 1216 4257 nou
1233 4197 1283 4258 uis
1300 4205 1441 4258 mortem

239 4284 421 4363 peccatoris
446 4302 506 4345 nec
534 4283 665 4345 laetaris
691 4283 723 4344 in
750 4283 936 4365 perditione
964 4283 1174 4346 morientium
1198 4292 1232 4344 te
1251 4283 1443 4365 suppliciter

239 4370 425 4450 depraecor.
443 4379 479 4433 ut
503 4370 667 4433 concedas
693 4370 773 4432 mihi
800 4370 932 4433 ueniam
958 4369 1154 4434 delictorum
1179 4380 1215 4432 ut
1238 4379 1271 4431 ct
1295 4370 1443 4432 admissa

760 4510 767 4541 ¹
787 4514 836 4563 For
847 4519 932 4563 tetrae.
