<?xml version="1.0" encoding="UTF-8"?>
<!DOCTYPE html PUBLIC "-//W3C//DTD XHTML 1.0 Transitional//EN"
    "http://www.w3.org/TR/xhtml1/DTD/xhtml1-transitional.dtd">
<html xmlns="http://www.w3.org/1999/xhtml" xml:lang="en" lang="en">
 <head>
  <title>
</title>
<meta http-equiv="Content-Type" content="text/html;charset=utf-8" />
  <meta name='ocr-system' content='tesseract 3.04.00' />
  <meta name='ocr-capabilities' content='ocr_page ocr_carea ocr_par ocr_line ocrx_word'/>
</head>
<body>
  <div class='ocr_page' id='page_1' title='image "./missalrobertjum00wilsgoog_0189.png"; bbox 0 0 3038 5106; ppageno 0'>
   <div class='ocr_carea' id='block_1_1' title="bbox 527 346 907 397">
    <p class='ocr_par' dir='ltr' id='par_1_1' title="bbox 527 346 907 397">
     <span class='ocr_line' id='line_1_1' title="bbox 527 346 907 397; baseline 0 -2"><span class='ocrx_word' id='word_1_1' title='bbox 527 346 700 397; x_wconf 66' lang='lat' dir='ltr'><em>MBBAYO</em></span> <span class='ocrx_word' id='word_1_2' title='bbox 722 347 771 397; x_wconf 86' lang='lat' dir='ltr'>IN</span> <span class='ocrx_word' id='word_1_3' title='bbox 789 346 907 396; x_wconf 79' lang='lat' dir='ltr'>ALBIS.</span> 
     </span>
    </p>
   </div>
   <div class='ocr_carea' id='block_1_2' title="bbox 620 530 811 594">
    <p class='ocr_par' dir='ltr' id='par_1_2' title="bbox 620 530 811 594">
     <span class='ocr_line' id='line_1_2' title="bbox 620 530 811 594; baseline 0 -1"><span class='ocrx_word' id='word_1_4' title='bbox 620 530 738 594; x_wconf 69' lang='lat' dir='ltr'>Fiam</span> <span class='ocrx_word' id='word_1_5' title='bbox 760 530 811 593; x_wconf 90' lang='lat' dir='ltr'>Vl</span> 
     </span>
    </p>
   </div>
   <div class='ocr_carea' id='block_1_3' title="bbox 101 644 1318 905">
    <p class='ocr_par' dir='ltr' id='par_1_3' title="bbox 101 644 1318 905">
     <span class='ocr_line' id='line_1_3' title="bbox 151 644 1317 734; baseline 0 -23"><span class='ocrx_word' id='word_1_6' title='bbox 151 644 378 731; x_wconf 84' lang='lat' dir='ltr'>Omnipotens</span> <span class='ocrx_word' id='word_1_7' title='bbox 400 650 602 734; x_wconf 86' lang='lat' dir='ltr'>sempiterne</span> <span class='ocrx_word' id='word_1_8' title='bbox 624 650 713 713; x_wconf 90' lang='lat' dir='ltr'>deus.</span> <span class='ocrx_word' id='word_1_9' title='bbox 738 651 796 732; x_wconf 92' lang='lat' dir='ltr'>qui</span> <span class='ocrx_word' id='word_1_10' title='bbox 821 649 995 733; x_wconf 86' lang='lat' dir='ltr'>paschalae</span> <span class='ocrx_word' id='word_1_11' title='bbox 1018 659 1261 711; x_wconf 88' lang='lat' dir='ltr'>sacramentum</span> <span class='ocrx_word' id='word_1_12' title='bbox 1286 649 1317 711; x_wconf 88' lang='lat' dir='ltr'>in</span> 
     </span>
     <span class='ocr_line' id='line_1_4' title="bbox 102 736 1317 801; baseline 0 -4"><span class='ocrx_word' id='word_1_13' title='bbox 102 736 384 799; x_wconf 85' lang='lat' dir='ltr'>reconciliationis</span> <span class='ocrx_word' id='word_1_14' title='bbox 400 736 566 800; x_wconf 88' lang='lat' dir='ltr'>humanae</span> <span class='ocrx_word' id='word_1_15' title='bbox 582 736 714 800; x_wconf 84' lang='lat' dir='ltr'>foedere</span> <span class='ocrx_word' id='word_1_16' title='bbox 737 738 913 801; x_wconf 86' lang='lat' dir='ltr'>contulisti.</span> <span class='ocrx_word' id='word_1_17' title='bbox 929 737 974 799; x_wconf 91' lang='lat' dir='ltr'>da</span> <span class='ocrx_word' id='word_1_18' title='bbox 997 738 1164 799; x_wconf 88' lang='lat' dir='ltr'>mentibus</span> <span class='ocrx_word' id='word_1_19' title='bbox 1187 736 1317 797; x_wconf 88' lang='lat' dir='ltr'>nostris.</span> 
     </span>
     <span class='ocr_line' id='line_1_5' title="bbox 101 823 1318 905; baseline 0.002 -22"><span class='ocrx_word' id='word_1_20' title='bbox 101 832 142 883; x_wconf 93' lang='lat' dir='ltr'>ut</span> <span class='ocrx_word' id='word_1_21' title='bbox 158 824 248 904; x_wconf 91' lang='lat' dir='ltr'>quod</span> <span class='ocrx_word' id='word_1_22' title='bbox 265 823 468 905; x_wconf 82' lang='lat' dir='ltr'>professione</span> <span class='ocrx_word' id='word_1_23' title='bbox 483 825 716 888; x_wconf 90' lang='lat' dir='ltr'>caelebramus.</span> <span class='ocrx_word' id='word_1_24' title='bbox 735 825 902 887; x_wconf 91' lang='lat' dir='ltr'>imitemur</span> <span class='ocrx_word' id='word_1_25' title='bbox 917 823 1046 887; x_wconf 81' lang='lat' dir='ltr'>effectu.</span> <span class='ocrx_word' id='word_1_26' title='bbox 1062 844 1121 905; x_wconf 90' lang='lat' dir='ltr'>per</span> <span class='ocrx_word' id='word_1_27' title='bbox 1135 824 1318 886; x_wconf 89' lang='lat' dir='ltr'>dominum.</span> 
     </span>
    </p>
   </div>
   <div class='ocr_carea' id='block_1_4' title="bbox 647 935 783 999">
    <p class='ocr_par' dir='ltr' id='par_1_4' title="bbox 647 935 783 999">
     <span class='ocr_line' id='line_1_6' title="bbox 647 935 783 999; baseline 0 -1"><span class='ocrx_word' id='word_1_28' title='bbox 647 935 783 999; x_wconf 82' lang='lat' dir='ltr'>Secreta.</span> 
     </span>
    </p>
   </div>
   <div class='ocr_carea' id='block_1_5' title="bbox 98 1036 1318 1399">
    <p class='ocr_par' dir='ltr' id='par_1_5' title="bbox 98 1036 1318 1295">
     <span class='ocr_line' id='line_1_7' title="bbox 150 1036 1318 1121; baseline -0.002 -20"><span class='ocrx_word' id='word_1_29' title='bbox 150 1036 289 1101; x_wconf 86' lang='lat' dir='ltr'>Hostias</span> <span class='ocrx_word' id='word_1_30' title='bbox 304 1037 441 1105; x_wconf 89' lang='lat' dir='ltr'>domine</span> <span class='ocrx_word' id='word_1_31' title='bbox 455 1059 637 1120; x_wconf 89' lang='lat' dir='ltr'>quesumus</span> <span class='ocrx_word' id='word_1_32' title='bbox 653 1039 803 1121; x_wconf 87' lang='lat' dir='ltr'>placatus</span> <span class='ocrx_word' id='word_1_33' title='bbox 819 1060 951 1102; x_wconf 88' lang='lat' dir='ltr'>assume</span> <span class='ocrx_word' id='word_1_34' title='bbox 976 1060 1059 1121; x_wconf 88' lang='lat' dir='ltr'>quas</span> <span class='ocrx_word' id='word_1_35' title='bbox 1083 1049 1116 1102; x_wconf 91' lang='lat' dir='ltr'>et</span> <span class='ocrx_word' id='word_1_36' title='bbox 1141 1060 1200 1121; x_wconf 91' lang='lat' dir='ltr'>pro</span> <span class='ocrx_word' id='word_1_37' title='bbox 1225 1058 1318 1101; x_wconf 90' lang='lat' dir='ltr'>rena·</span> 
     </span>
     <span class='ocr_line' id='line_1_8' title="bbox 99 1125 1318 1209; baseline -0.002 -22"><span class='ocrx_word' id='word_1_38' title='bbox 99 1132 215 1187; x_wconf 89' lang='lat' dir='ltr'>torum</span> <span class='ocrx_word' id='word_1_39' title='bbox 231 1126 426 1207; x_wconf 85' lang='lat' dir='ltr'>expiatione</span> <span class='ocrx_word' id='word_1_40' title='bbox 440 1128 568 1209; x_wconf 88' lang='lat' dir='ltr'>peccati</span> <span class='ocrx_word' id='word_1_41' title='bbox 584 1126 772 1190; x_wconf 85' lang='lat' dir='ltr'>deferimus.</span> <span class='ocrx_word' id='word_1_42' title='bbox 788 1137 821 1191; x_wconf 88' lang='lat' dir='ltr'>et</span> <span class='ocrx_word' id='word_1_43' title='bbox 837 1148 897 1209; x_wconf 93' lang='lat' dir='ltr'>pro</span> <span class='ocrx_word' id='word_1_44' title='bbox 913 1127 1151 1190; x_wconf 89' lang='lat' dir='ltr'>acceleratione</span> <span class='ocrx_word' id='word_1_45' title='bbox 1166 1125 1318 1189; x_wconf 88' lang='lat' dir='ltr'>caelestis</span> 
     </span>
     <span class='ocr_line' id='line_1_9' title="bbox 98 1210 314 1295; baseline 0.009 -20"><span class='ocrx_word' id='word_1_46' title='bbox 98 1210 230 1275; x_wconf 83' lang='lat' dir='ltr'>auxilii.</span> <span class='ocrx_word' id='word_1_47' title='bbox 246 1232 314 1295; x_wconf 90' lang='lat' dir='ltr'>per.</span> 
     </span>
    </p>

    <p class='ocr_par' dir='ltr' id='par_1_6' title="bbox 619 1326 803 1399">
     <span class='ocr_line' id='line_1_10' title="bbox 619 1326 803 1399; baseline 0 -10"><span class='ocrx_word' id='word_1_48' title='bbox 619 1326 803 1399; x_wconf 71' lang='lat' dir='ltr'>Praefatio.</span> 
     </span>
    </p>
   </div>
   <div class='ocr_carea' id='block_1_6' title="bbox 101 1427 1316 1857">
    <p class='ocr_par' dir='ltr' id='par_1_7' title="bbox 101 1427 1316 1857">
     <span class='ocr_line' id='line_1_11' title="bbox 148 1427 1315 1513; baseline -0.003 -22"><span class='ocrx_word' id='word_1_49' title='bbox 148 1428 199 1491; x_wconf 73' lang='grc' dir='ltr'>(Β</span> <span class='ocrx_word' id='word_1_50' title='bbox 215 1448 275 1510; x_wconf 88' lang='lat' dir='ltr'>per</span> <span class='ocrx_word' id='word_1_51' title='bbox 299 1428 458 1493; x_wconf 91' lang='lat' dir='ltr'>christum</span> <span class='ocrx_word' id='word_1_52' title='bbox 474 1430 648 1493; x_wconf 92' lang='lat' dir='ltr'>dominum</span> <span class='ocrx_word' id='word_1_53' title='bbox 666 1440 826 1493; x_wconf 90' lang='lat' dir='ltr'>nostrum.</span> <span class='ocrx_word' id='word_1_54' title='bbox 873 1429 940 1513; x_wconf 87' lang='lat' dir='ltr'>Qui</span> <span class='ocrx_word' id='word_1_55' title='bbox 967 1429 1150 1491; x_wconf 88' lang='lat' dir='ltr'>secundum</span> <span class='ocrx_word' id='word_1_56' title='bbox 1177 1427 1315 1510; x_wconf 89' lang='lat' dir='ltr'>promis-</span> 
     </span>
     <span class='ocr_line' id='line_1_12' title="bbox 102 1515 1316 1598; baseline 0 -22"><span class='ocrx_word' id='word_1_57' title='bbox 102 1515 207 1577; x_wconf 89' lang='lat' dir='ltr'>sionis</span> <span class='ocrx_word' id='word_1_58' title='bbox 223 1536 303 1577; x_wconf 90' lang='lat' dir='ltr'>suae</span> <span class='ocrx_word' id='word_1_59' title='bbox 318 1516 625 1580; x_wconf 86' lang='lat' dir='ltr'>incommutabilem</span> <span class='ocrx_word' id='word_1_60' title='bbox 651 1518 836 1579; x_wconf 91' lang='lat' dir='ltr'>ueritatem.</span> <span class='ocrx_word' id='word_1_61' title='bbox 853 1516 1004 1580; x_wconf 90' lang='lat' dir='ltr'>caelestis</span> <span class='ocrx_word' id='word_1_62' title='bbox 1029 1516 1181 1598; x_wconf 77' lang='lat' dir='ltr'>pontifex</span> <span class='ocrx_word' id='word_1_63' title='bbox 1209 1515 1316 1577; x_wconf 86' lang='lat' dir='ltr'>lactus</span> 
     </span>
     <span class='ocr_line' id='line_1_13' title="bbox 101 1602 1312 1685; baseline 0 -22"><span class='ocrx_word' id='word_1_64' title='bbox 101 1602 138 1664; x_wconf 89' lang='lat' dir='ltr'>in</span> <span class='ocrx_word' id='word_1_65' title='bbox 152 1611 334 1665; x_wconf 90' lang='lat' dir='ltr'>aeternum.</span> <span class='ocrx_word' id='word_1_66' title='bbox 350 1604 441 1665; x_wconf 92' lang='lat' dir='ltr'>solus</span> <span class='ocrx_word' id='word_1_67' title='bbox 467 1605 616 1667; x_wconf 92' lang='lat' dir='ltr'>omnium</span> <span class='ocrx_word' id='word_1_68' title='bbox 640 1605 851 1667; x_wconf 88' lang='lat' dir='ltr'>sacerdotum</span> <span class='ocrx_word' id='word_1_69' title='bbox 877 1605 1004 1685; x_wconf 85' lang='lat' dir='ltr'>pcccati</span> <span class='ocrx_word' id='word_1_70' title='bbox 1032 1604 1223 1665; x_wconf 82' lang='lat' dir='ltr'>remissione</span> <span class='ocrx_word' id='word_1_71' title='bbox 1247 1622 1312 1664; x_wconf 91' lang='lat' dir='ltr'>non</span> 
     </span>
     <span class='ocr_line' id='line_1_14' title="bbox 101 1688 1314 1773; baseline -0.001 -22"><span class='ocrx_word' id='word_1_72' title='bbox 101 1689 204 1769; x_wconf 86' lang='lat' dir='ltr'>eguit.</span> <span class='ocrx_word' id='word_1_73' title='bbox 220 1688 279 1751; x_wconf 90' lang='lat' dir='ltr'>sed</span> <span class='ocrx_word' id='word_1_74' title='bbox 295 1690 406 1770; x_wconf 91' lang='lat' dir='ltr'>potius</span> <span class='ocrx_word' id='word_1_75' title='bbox 422 1702 595 1773; x_wconf 89' lang='lat' dir='ltr'>peccatum</span> <span class='ocrx_word' id='word_1_76' title='bbox 613 1692 729 1754; x_wconf 89' lang='lat' dir='ltr'>mundi</span> <span class='ocrx_word' id='word_1_77' title='bbox 746 1691 835 1754; x_wconf 94' lang='lat' dir='ltr'>idem</span> <span class='ocrx_word' id='word_1_78' title='bbox 851 1711 948 1754; x_wconf 87' lang='lat' dir='ltr'>uerus</span> <span class='ocrx_word' id='word_1_79' title='bbox 964 1711 1069 1773; x_wconf 83' lang='lat' dir='ltr'>agnus</span> <span class='ocrx_word' id='word_1_80' title='bbox 1081 1690 1242 1753; x_wconf 90' lang='lat' dir='ltr'>abstersit.</span> <span class='ocrx_word' id='word_1_81' title='bbox 1256 1709 1314 1771; x_wconf 88' lang='lat' dir='ltr'>per</span> 
     </span>
     <span class='ocr_line' id='line_1_15' title="bbox 101 1776 547 1857; baseline 0.009 -21"><span class='ocrx_word' id='word_1_82' title='bbox 101 1795 204 1857; x_wconf 92' lang='lat' dir='ltr'>quem</span> <span class='ocrx_word' id='word_1_83' title='bbox 222 1776 431 1839; x_wconf 90' lang='lat' dir='ltr'>maiestatem</span> <span class='ocrx_word' id='word_1_84' title='bbox 447 1786 547 1840; x_wconf 91' lang='lat' dir='ltr'>tuam.</span> 
     </span>
    </p>
   </div>
   <div class='ocr_carea' id='block_1_7' title="bbox 560 1890 857 1973">
    <p class='ocr_par' dir='ltr' id='par_1_8' title="bbox 560 1890 857 1973">
     <span class='ocr_line' id='line_1_16' title="bbox 560 1890 857 1973; baseline 0.003 -21"><span class='ocrx_word' id='word_1_85' title='bbox 560 1890 623 1952; x_wconf 83' lang='lat' dir='ltr'>Ad</span> <span class='ocrx_word' id='word_1_86' title='bbox 633 1890 857 1973; x_wconf 79' lang='lat' dir='ltr'>complendum.</span> 
     </span>
    </p>
   </div>
   <div class='ocr_carea' id='block_1_8' title="bbox 101 1990 1314 2163">
    <p class='ocr_par' dir='ltr' id='par_1_9' title="bbox 101 1990 1314 2163">
     <span class='ocr_line' id='line_1_17' title="bbox 149 1990 1314 2075; baseline -0.001 -20"><span class='ocrx_word' id='word_1_87' title='bbox 149 1990 291 2073; x_wconf 85' lang='lat' dir='ltr'>Respice</span> <span class='ocrx_word' id='word_1_88' title='bbox 305 1992 443 2055; x_wconf 90' lang='lat' dir='ltr'>domine</span> <span class='ocrx_word' id='word_1_89' title='bbox 464 1992 624 2075; x_wconf 91' lang='lat' dir='ltr'>populum</span> <span class='ocrx_word' id='word_1_90' title='bbox 649 2003 751 2057; x_wconf 93' lang='lat' dir='ltr'>tuum.</span> <span class='ocrx_word' id='word_1_91' title='bbox 769 2004 804 2056; x_wconf 91' lang='lat' dir='ltr'>et</span> <span class='ocrx_word' id='word_1_92' title='bbox 825 2014 924 2075; x_wconf 90' lang='lat' dir='ltr'>quem</span> <span class='ocrx_word' id='word_1_93' title='bbox 949 1994 1090 2057; x_wconf 88' lang='lat' dir='ltr'>aeternis</span> <span class='ocrx_word' id='word_1_94' title='bbox 1105 1993 1262 2073; x_wconf 74' lang='lat' dir='ltr'>dignatus</span> <span class='ocrx_word' id='word_1_95' title='bbox 1278 2013 1314 2055; x_wconf 91' lang='lat' dir='ltr'>es</span> 
     </span>
     <span class='ocr_line' id='line_1_18' title="bbox 101 2080 1287 2163; baseline 0.001 -22"><span class='ocrx_word' id='word_1_96' title='bbox 101 2098 264 2141; x_wconf 90' lang='lat' dir='ltr'>renouare</span> <span class='ocrx_word' id='word_1_97' title='bbox 279 2080 445 2161; x_wconf 91' lang='lat' dir='ltr'>mysteriis</span> <span class='ocrx_word' id='word_1_98' title='bbox 460 2100 480 2142; x_wconf 94' lang='lat' dir='ltr'>a</span> <span class='ocrx_word' id='word_1_99' title='bbox 496 2080 733 2161; x_wconf 90' lang='lat' dir='ltr'>temporalibus</span> <span class='ocrx_word' id='word_1_100' title='bbox 748 2080 854 2163; x_wconf 91' lang='lat' dir='ltr'>culpis</span> <span class='ocrx_word' id='word_1_101' title='bbox 869 2082 1045 2163; x_wconf 83' lang='lat' dir='ltr'>dignanter</span> <span class='ocrx_word' id='word_1_102' title='bbox 1061 2081 1203 2143; x_wconf 89' lang='lat' dir='ltr'>absolue.</span> <span class='ocrx_word' id='word_1_103' title='bbox 1221 2100 1287 2161; x_wconf 89' lang='lat' dir='ltr'>per.</span> 
     </span>
    </p>
   </div>
   <div class='ocr_carea' id='block_1_9' title="bbox 588 2208 832 2291">
    <p class='ocr_par' dir='ltr' id='par_1_10' title="bbox 588 2208 832 2291">
     <span class='ocr_line' id='line_1_19' title="bbox 588 2208 832 2291; baseline 0.008 -20"><span class='ocrx_word' id='word_1_104' title='bbox 588 2208 620 2271; x_wconf 82' lang='lat' dir='ltr'><em>A</em></span> <span class='ocrx_word' id='word_1_105' title='bbox 624 2208 651 2271; x_wconf 79' lang='lat' dir='ltr'>d</span> <span class='ocrx_word' id='word_1_106' title='bbox 660 2222 832 2291; x_wconf 75' lang='lat' dir='ltr'>uesperum.</span> 
     </span>
    </p>
   </div>
   <div class='ocr_carea' id='block_1_10' title="bbox 97 2310 1311 2635">
    <p class='ocr_par' dir='ltr' id='par_1_11' title="bbox 97 2310 1311 2635">
     <span class='ocr_line' id='line_1_20' title="bbox 147 2310 1306 2395; baseline -0.002 -22"><span class='ocrx_word' id='word_1_107' title='bbox 147 2310 241 2373; x_wconf 90' lang='lat' dir='ltr'>Deus</span> <span class='ocrx_word' id='word_1_108' title='bbox 256 2330 427 2393; x_wconf 90' lang='lat' dir='ltr'>perquem</span> <span class='ocrx_word' id='word_1_109' title='bbox 445 2310 540 2374; x_wconf 90' lang='lat' dir='ltr'>nobis</span> <span class='ocrx_word' id='word_1_110' title='bbox 555 2322 589 2373; x_wconf 91' lang='lat' dir='ltr'>et</span> <span class='ocrx_word' id='word_1_111' title='bbox 604 2312 789 2395; x_wconf 90' lang='lat' dir='ltr'>redemptio</span> <span class='ocrx_word' id='word_1_112' title='bbox 805 2314 903 2375; x_wconf 88' lang='lat' dir='ltr'>uenit.</span> <span class='ocrx_word' id='word_1_113' title='bbox 919 2323 953 2376; x_wconf 93' lang='lat' dir='ltr'>et</span> <span class='ocrx_word' id='word_1_114' title='bbox 969 2322 1154 2395; x_wconf 83' lang='lat' dir='ltr'>praestatur</span> <span class='ocrx_word' id='word_1_115' title='bbox 1169 2312 1306 2393; x_wconf 88' lang='lat' dir='ltr'>adoptio</span> 
     </span>
     <span class='ocr_line' id='line_1_21' title="bbox 100 2398 1311 2479; baseline 0 -18"><span class='ocrx_word' id='word_1_116' title='bbox 100 2398 228 2479; x_wconf 91' lang='lat' dir='ltr'>respice</span> <span class='ocrx_word' id='word_1_117' title='bbox 267 2398 300 2461; x_wconf 95' lang='lat' dir='ltr'>in</span> <span class='ocrx_word' id='word_1_118' title='bbox 330 2419 433 2479; x_wconf 84' lang='lat' dir='ltr'>opera</span> <span class='ocrx_word' id='word_1_119' title='bbox 463 2399 705 2462; x_wconf 87' lang='lat' dir='ltr'>misericordiae</span> <span class='ocrx_word' id='word_1_120' title='bbox 735 2411 822 2464; x_wconf 88' lang='lat' dir='ltr'>tuae.</span> <span class='ocrx_word' id='word_1_121' title='bbox 849 2411 885 2463; x_wconf 92' lang='lat' dir='ltr'>ut</span> <span class='ocrx_word' id='word_1_122' title='bbox 913 2401 944 2462; x_wconf 91' lang='lat' dir='ltr'>in</span> <span class='ocrx_word' id='word_1_123' title='bbox 973 2401 1096 2463; x_wconf 88' lang='lat' dir='ltr'>christo</span> <span class='ocrx_word' id='word_1_124' title='bbox 1121 2401 1251 2462; x_wconf 90' lang='lat' dir='ltr'>renatis.</span> <span class='ocrx_word' id='word_1_125' title='bbox 1278 2410 1311 2461; x_wconf 88' lang='lat' dir='ltr'>et</span> 
     </span>
     <span class='ocr_line' id='line_1_22' title="bbox 98 2484 1310 2569; baseline 0 -22"><span class='ocrx_word' id='word_1_126' title='bbox 98 2496 239 2548; x_wconf 84' lang='lat' dir='ltr'>aeterna</span> <span class='ocrx_word' id='word_1_127' title='bbox 275 2484 440 2549; x_wconf 90' lang='lat' dir='ltr'>tribuatur</span> <span class='ocrx_word' id='word_1_128' title='bbox 468 2485 642 2548; x_wconf 89' lang='lat' dir='ltr'>hereditas.</span> <span class='ocrx_word' id='word_1_129' title='bbox 674 2497 708 2550; x_wconf 93' lang='lat' dir='ltr'>et</span> <span class='ocrx_word' id='word_1_130' title='bbox 745 2508 824 2550; x_wconf 88' lang='lat' dir='ltr'>uera</span> <span class='ocrx_word' id='word_1_131' title='bbox 861 2488 1003 2551; x_wconf 88' lang='lat' dir='ltr'>libertas.</span> <span class='ocrx_word' id='word_1_132' title='bbox 1041 2508 1100 2569; x_wconf 92' lang='lat' dir='ltr'>per</span> <span class='ocrx_word' id='word_1_133' title='bbox 1137 2486 1310 2549; x_wconf 91' lang='lat' dir='ltr'>domiuum</span> 
     </span>
     <span class='ocr_line' id='line_1_23' title="bbox 97 2580 262 2635; baseline 0 0"><span class='ocrx_word' id='word_1_134' title='bbox 97 2580 262 2635; x_wconf 88' lang='lat' dir='ltr'>nostrum.</span> 
     </span>
    </p>
   </div>
   <div class='ocr_carea' id='block_1_11' title="bbox 612 2683 804 2764">
    <p class='ocr_par' dir='ltr' id='par_1_12' title="bbox 612 2683 804 2764">
     <span class='ocr_line' id='line_1_24' title="bbox 612 2683 804 2764; baseline 0.021 -18"><span class='ocrx_word' id='word_1_135' title='bbox 612 2683 675 2746; x_wconf 80' lang='lat' dir='ltr'>Ad</span> <span class='ocrx_word' id='word_1_136' title='bbox 683 2685 804 2764; x_wconf 79' lang='lat' dir='ltr'>fhntes.</span> 
     </span>
    </p>
   </div>
   <div class='ocr_carea' id='block_1_12' title="bbox 95 2786 1308 3045">
    <p class='ocr_par' dir='ltr' id='par_1_13' title="bbox 95 2786 1308 3045">
     <span class='ocr_line' id='line_1_25' title="bbox 143 2786 1308 2871; baseline 0 -22"><span class='ocrx_word' id='word_1_137' title='bbox 143 2786 278 2850; x_wconf 87' lang='lat' dir='ltr'>Adesto</span> <span class='ocrx_word' id='word_1_138' title='bbox 292 2806 472 2869; x_wconf 89' lang='lat' dir='ltr'>quesumus</span> <span class='ocrx_word' id='word_1_139' title='bbox 487 2787 623 2851; x_wconf 92' lang='lat' dir='ltr'>domine</span> <span class='ocrx_word' id='word_1_140' title='bbox 640 2787 784 2851; x_wconf 80' lang='lat' dir='ltr'>familiae</span> <span class='ocrx_word' id='word_1_141' title='bbox 799 2798 884 2852; x_wconf 90' lang='lat' dir='ltr'>tuae.</span> <span class='ocrx_word' id='word_1_142' title='bbox 900 2798 935 2852; x_wconf 90' lang='lat' dir='ltr'>et</span> <span class='ocrx_word' id='word_1_143' title='bbox 958 2790 1136 2871; x_wconf 81' lang='lat' dir='ltr'>dignanter</span> <span class='ocrx_word' id='word_1_144' title='bbox 1158 2787 1308 2870; x_wconf 90' lang='lat' dir='ltr'>inpende.</span> 
     </span>
     <span class='ocr_line' id='line_1_26' title="bbox 96 2872 1308 2959; baseline -0.002 -20"><span class='ocrx_word' id='word_1_145' title='bbox 96 2886 136 2939; x_wconf 90' lang='lat' dir='ltr'>ut</span> <span class='ocrx_word' id='word_1_146' title='bbox 152 2874 276 2955; x_wconf 93' lang='lat' dir='ltr'>quibus</span> <span class='ocrx_word' id='word_1_147' title='bbox 291 2872 367 2937; x_wconf 87' lang='lat' dir='ltr'>fidei</span> <span class='ocrx_word' id='word_1_148' title='bbox 383 2875 524 2956; x_wconf 84' lang='lat' dir='ltr'>gratiam</span> <span class='ocrx_word' id='word_1_149' title='bbox 541 2875 719 2938; x_wconf 86' lang='lat' dir='ltr'>contulisti.</span> <span class='ocrx_word' id='word_1_150' title='bbox 736 2887 770 2939; x_wconf 91' lang='lat' dir='ltr'>et</span> <span class='ocrx_word' id='word_1_151' title='bbox 785 2897 941 2939; x_wconf 90' lang='lat' dir='ltr'>coronam</span> <span class='ocrx_word' id='word_1_152' title='bbox 959 2877 1107 2959; x_wconf 84' lang='lat' dir='ltr'>largiaris</span> <span class='ocrx_word' id='word_1_153' title='bbox 1131 2886 1308 2938; x_wconf 88' lang='lat' dir='ltr'>aeternam.</span> 
     </span>
     <span class='ocr_line' id='line_1_27' title="bbox 95 2960 525 3045; baseline 0 -20"><span class='ocrx_word' id='word_1_154' title='bbox 95 2982 160 3045; x_wconf 91' lang='lat' dir='ltr'>per</span> <span class='ocrx_word' id='word_1_155' title='bbox 174 2960 350 3025; x_wconf 90' lang='lat' dir='ltr'>dominum</span> <span class='ocrx_word' id='word_1_156' title='bbox 367 2971 525 3025; x_wconf 89' lang='lat' dir='ltr'>nostmm.</span> 
     </span>
    </p>
   </div>
   <div class='ocr_carea' id='block_1_13' title="bbox 590 3112 817 3202">
    <p class='ocr_par' dir='ltr' id='par_1_14' title="bbox 590 3112 817 3202">
     <span class='ocr_line' id='line_1_28' title="bbox 590 3112 817 3202; baseline 0 -23"><span class='ocrx_word' id='word_1_157' title='bbox 590 3112 817 3202; x_wconf 74' lang='lat' dir='ltr'>[Sannaro.]¹</span> 
     </span>
    </p>
   </div>
   <div class='ocr_carea' id='block_1_14' title="bbox 91 3243 1311 3501">
    <p class='ocr_par' dir='ltr' id='par_1_15' title="bbox 91 3243 1311 3501">
     <span class='ocr_line' id='line_1_29' title="bbox 143 3243 1308 3327; baseline -0.003 -18"><span class='ocrx_word' id='word_1_158' title='bbox 143 3244 316 3325; x_wconf 81' lang='lat' dir='ltr'>lConcede</span> <span class='ocrx_word' id='word_1_159' title='bbox 330 3264 512 3327; x_wconf 90' lang='lat' dir='ltr'>quesumus</span> <span class='ocrx_word' id='word_1_160' title='bbox 527 3246 739 3327; x_wconf 89' lang='lat' dir='ltr'>omnipotens</span> <span class='ocrx_word' id='word_1_161' title='bbox 755 3248 845 3310; x_wconf 92' lang='lat' dir='ltr'>deus.</span> <span class='ocrx_word' id='word_1_162' title='bbox 861 3255 898 3309; x_wconf 92' lang='lat' dir='ltr'>ut</span> <span class='ocrx_word' id='word_1_163' title='bbox 914 3247 970 3327; x_wconf 93' lang='lat' dir='ltr'>qui</span> <span class='ocrx_word' id='word_1_164' title='bbox 987 3245 1071 3309; x_wconf 81' lang='lat' dir='ltr'>festa</span> <span class='ocrx_word' id='word_1_165' title='bbox 1088 3266 1162 3326; x_wconf 91' lang='lat' dir='ltr'>pas·</span> <span class='ocrx_word' id='word_1_166' title='bbox 1185 3243 1241 3326; x_wconf 82' lang='lat' dir='ltr'>[fo.</span> <span class='ocrx_word' id='word_1_167' title='bbox 1259 3258 1308 3321; x_wconf 86' lang='lat'>77-</span> 
     </span>
     <span class='ocr_line' id='line_1_30' title="bbox 91 3332 1311 3415; baseline -0.006 -16"><span class='ocrx_word' id='word_1_168' title='bbox 91 3332 210 3399; x_wconf 88' lang='lat' dir='ltr'>chalia</span> <span class='ocrx_word' id='word_1_169' title='bbox 224 3334 415 3395; x_wconf 89' lang='lat' dir='ltr'>uenerando</span> <span class='ocrx_word' id='word_1_170' title='bbox 429 3333 567 3415; x_wconf 80' lang='lat' dir='ltr'>egimus</span> <span class='ocrx_word' id='word_1_171' title='bbox 583 3353 641 3415; x_wconf 91' lang='lat' dir='ltr'>per</span> <span class='ocrx_word' id='word_1_172' title='bbox 656 3333 737 3395; x_wconf 88' lang='lat' dir='ltr'>haec</span> <span class='ocrx_word' id='word_1_173' title='bbox 753 3335 945 3415; x_wconf 85' lang='lat' dir='ltr'>contingere</span> <span class='ocrx_word' id='word_1_174' title='bbox 960 3335 1002 3397; x_wconf 91' lang='lat' dir='ltr'>ad</span> <span class='ocrx_word' id='word_1_175' title='bbox 1027 3333 1149 3415; x_wconf 80' lang='lat' dir='ltr'>gaudia</span> <span class='ocrx_word' id='word_1_176' title='bbox 1177 3342 1311 3394; x_wconf 85' lang='lat' dir='ltr'>aeterna</span> 
     </span>
     <span class='ocr_line' id='line_1_31' title="bbox 92 3438 379 3501; baseline -0.003 -15"><span class='ocrx_word' id='word_1_177' title='bbox 92 3438 295 3485; x_wconf 88' lang='lat' dir='ltr'>mereamur.</span> <span class='ocrx_word' id='word_1_178' title='bbox 312 3438 379 3501; x_wconf 88' lang='lat' dir='ltr'>per.</span> 
     </span>
    </p>
   </div>
   <div class='ocr_carea' id='block_1_15' title="bbox 638 3532 775 3599">
    <p class='ocr_par' dir='ltr' id='par_1_16' title="bbox 638 3532 775 3599">
     <span class='ocr_line' id='line_1_32' title="bbox 638 3532 775 3599; baseline 0.015 -2"><span class='ocrx_word' id='word_1_179' title='bbox 638 3532 775 3599; x_wconf 77' lang='lat' dir='ltr'>Secreta.</span> 
     </span>
    </p>
   </div>
   <div class='ocr_carea' id='block_1_16' title="bbox 93 3634 1308 3893">
    <p class='ocr_par' dir='ltr' id='par_1_17' title="bbox 93 3634 1308 3893">
     <span class='ocr_line' id='line_1_33' title="bbox 144 3634 1307 3719; baseline -0.006 -18"><span class='ocrx_word' id='word_1_180' title='bbox 144 3634 304 3701; x_wconf 87' lang='lat' dir='ltr'>Concede</span> <span class='ocrx_word' id='word_1_181' title='bbox 319 3655 501 3718; x_wconf 89' lang='lat' dir='ltr'>quesumus</span> <span class='ocrx_word' id='word_1_182' title='bbox 516 3636 651 3699; x_wconf 89' lang='lat' dir='ltr'>domine</span> <span class='ocrx_word' id='word_1_183' title='bbox 667 3657 798 3719; x_wconf 88' lang='lat' dir='ltr'>semper</span> <span class='ocrx_word' id='word_1_184' title='bbox 813 3657 873 3698; x_wconf 88' lang='lat' dir='ltr'>nos</span> <span class='ocrx_word' id='word_1_185' title='bbox 891 3657 948 3719; x_wconf 86' lang='lat' dir='ltr'>per</span> <span class='ocrx_word' id='word_1_186' title='bbox 963 3637 1045 3700; x_wconf 84' lang='lat' dir='ltr'>haee</span> <span class='ocrx_word' id='word_1_187' title='bbox 1065 3636 1222 3718; x_wconf 88' lang='lat' dir='ltr'>mysteria</span> <span class='ocrx_word' id='word_1_188' title='bbox 1234 3656 1307 3716; x_wconf 86' lang='lat' dir='ltr'>pas-</span> 
     </span>
     <span class='ocr_line' id='line_1_34' title="bbox 94 3722 1308 3806; baseline -0.004 -19"><span class='ocrx_word' id='word_1_189' title='bbox 94 3722 210 3787; x_wconf 91' lang='lat' dir='ltr'>chalia</span> <span class='ocrx_word' id='word_1_190' title='bbox 225 3724 391 3803; x_wconf 86' lang='lat' dir='ltr'>gratulari.</span> <span class='ocrx_word' id='word_1_191' title='bbox 408 3734 444 3786; x_wconf 90' lang='lat' dir='ltr'>ut</span> <span class='ocrx_word' id='word_1_192' title='bbox 460 3726 617 3787; x_wconf 88' lang='lat' dir='ltr'>continua</span> <span class='ocrx_word' id='word_1_193' title='bbox 640 3734 772 3786; x_wconf 90' lang='lat' dir='ltr'>nostrae</span> <span class='ocrx_word' id='word_1_194' title='bbox 788 3726 1002 3805; x_wconf 88' lang='lat' dir='ltr'>reparationis</span> <span class='ocrx_word' id='word_1_195' title='bbox 1018 3726 1177 3806; x_wconf 84' lang='lat' dir='ltr'>operatio</span> <span class='ocrx_word' id='word_1_196' title='bbox 1195 3744 1308 3805; x_wconf 86' lang='lat' dir='ltr'>perpe-</span> 
     </span>
     <span class='ocr_line' id='line_1_35' title="bbox 93 3808 926 3893; baseline -0.002 -16"><span class='ocrx_word' id='word_1_197' title='bbox 93 3824 180 3877; x_wconf 89' lang='lat' dir='ltr'>tuae</span> <span class='ocrx_word' id='word_1_198' title='bbox 195 3810 293 3873; x_wconf 90' lang='lat' dir='ltr'>nobls</span> <span class='ocrx_word' id='word_1_199' title='bbox 309 3808 367 3873; x_wconf 88' lang='lat' dir='ltr'>fiat</span> <span class='ocrx_word' id='word_1_200' title='bbox 382 3830 482 3875; x_wconf 88' lang='lat' dir='ltr'>causa</span> <span class='ocrx_word' id='word_1_201' title='bbox 498 3810 652 3875; x_wconf 87' lang='lat' dir='ltr'>laetitiae.</span> <span class='ocrx_word' id='word_1_202' title='bbox 669 3832 727 3893; x_wconf 92' lang='lat' dir='ltr'>per</span> <span class='ocrx_word' id='word_1_203' title='bbox 742 3813 926 3876; x_wconf 90' lang='lat' dir='ltr'>dominum.</span> 
     </span>
    </p>
   </div>
   <div class='ocr_carea' id='block_1_17' title="bbox 95 3922 1311 4283">
    <p class='ocr_par' dir='ltr' id='par_1_18' title="bbox 95 3922 1311 4283">
     <span class='ocr_line' id='line_1_36' title="bbox 616 3922 799 4003; baseline 0 -18"><span class='ocrx_word' id='word_1_204' title='bbox 616 3922 799 4003; x_wconf 67' lang='lat' dir='ltr'>Praefatio.</span> 
     </span>
     <span class='ocr_line' id='line_1_37' title="bbox 143 4024 1307 4109; baseline -0.005 -18"><span class='ocrx_word' id='word_1_205' title='bbox 143 4026 196 4091; x_wconf 75' lang='lat' dir='ltr'>ff)</span> <span class='ocrx_word' id='word_1_206' title='bbox 215 4046 276 4109; x_wconf 90' lang='lat' dir='ltr'>per</span> <span class='ocrx_word' id='word_1_207' title='bbox 286 4024 444 4090; x_wconf 89' lang='lat' dir='ltr'>christum</span> <span class='ocrx_word' id='word_1_208' title='bbox 462 4027 633 4089; x_wconf 91' lang='lat' dir='ltr'>dominum</span> <span class='ocrx_word' id='word_1_209' title='bbox 651 4035 809 4089; x_wconf 91' lang='lat' dir='ltr'>nostrum.</span> <span class='ocrx_word' id='word_1_210' title='bbox 827 4026 890 4089; x_wconf 91' lang='lat' dir='ltr'>Per</span> <span class='ocrx_word' id='word_1_211' title='bbox 904 4046 1003 4107; x_wconf 91' lang='lat' dir='ltr'>quem</span> <span class='ocrx_word' id='word_1_212' title='bbox 1020 4026 1185 4108; x_wconf 86' lang='lat' dir='ltr'>supplices</span> <span class='ocrx_word' id='word_1_213' title='bbox 1202 4025 1307 4106; x_wconf 85' lang='lat' dir='ltr'>posci-</span> 
     </span>
     <span class='ocr_line' id='line_1_38' title="bbox 96 4114 1311 4195; baseline -0.003 -18"><span class='ocrx_word' id='word_1_214' title='bbox 96 4134 183 4177; x_wconf 90' lang='lat' dir='ltr'>mus.</span> <span class='ocrx_word' id='word_1_215' title='bbox 200 4124 238 4177; x_wconf 92' lang='lat' dir='ltr'>ut</span> <span class='ocrx_word' id='word_1_216' title='bbox 252 4114 347 4177; x_wconf 91' lang='lat' dir='ltr'>cuius</span> <span class='ocrx_word' id='word_1_217' title='bbox 363 4115 506 4177; x_wconf 88' lang='lat' dir='ltr'>muneris</span> <span class='ocrx_word' id='word_1_218' title='bbox 522 4115 643 4195; x_wconf 77' lang='lat' dir='ltr'>pignus</span> <span class='ocrx_word' id='word_1_219' title='bbox 659 4115 855 4195; x_wconf 85' lang='lat' dir='ltr'>accepimus.</span> <span class='ocrx_word' id='word_1_220' title='bbox 868 4116 1141 4177; x_wconf 82' lang='lat' dir='ltr'>manilestadona</span> <span class='ocrx_word' id='word_1_221' title='bbox 1152 4133 1311 4193; x_wconf 86' lang='lat' dir='ltr'>conprae-</span> 
     </span>
     <span class='ocr_line' id='line_1_39' title="bbox 95 4199 1309 4283; baseline -0.005 -18"><span class='ocrx_word' id='word_1_222' title='bbox 95 4202 247 4265; x_wconf 88' lang='lat' dir='ltr'>hendere</span> <span class='ocrx_word' id='word_1_223' title='bbox 257 4200 437 4265; x_wconf 80' lang='lat' dir='ltr'>ualeamus,</span> <span class='ocrx_word' id='word_1_224' title='bbox 461 4201 507 4264; x_wconf 84' lang='lat' dir='ltr'>Et</span> <span class='ocrx_word' id='word_1_225' title='bbox 518 4221 603 4283; x_wconf 91' lang='lat' dir='ltr'>quae</span> <span class='ocrx_word' id='word_1_226' title='bbox 616 4200 711 4263; x_wconf 91' lang='lat' dir='ltr'>nobis</span> <span class='ocrx_word' id='word_1_227' title='bbox 723 4200 862 4263; x_wconf 84' lang='lat' dir='ltr'>fideliter</span> <span class='ocrx_word' id='word_1_228' title='bbox 877 4204 1042 4283; x_wconf 88' lang='lat' dir='ltr'>speranda</span> <span class='ocrx_word' id='word_1_229' title='bbox 1060 4199 1215 4283; x_wconf 85' lang='lat' dir='ltr'>paschale</span> <span class='ocrx_word' id='word_1_230' title='bbox 1231 4219 1309 4260; x_wconf 90' lang='lat' dir='ltr'>con-</span> 
     </span>
    </p>
   </div>
   <div class='ocr_carea' id='block_1_18' title="bbox 95 4285 1310 4459">
    <p class='ocr_par' dir='ltr' id='par_1_19' title="bbox 95 4285 1310 4459">
     <span class='ocr_line' id='line_1_40' title="bbox 96 4285 1310 4370; baseline -0.005 -17"><span class='ocrx_word' id='word_1_231' title='bbox 96 4290 175 4353; x_wconf 90' lang='lat' dir='ltr'>tulit</span> <span class='ocrx_word' id='word_1_232' title='bbox 187 4298 442 4351; x_wconf 88' lang='lat' dir='ltr'>sacramentum.</span> <span class='ocrx_word' id='word_1_233' title='bbox 455 4308 514 4370; x_wconf 89' lang='lat' dir='ltr'>per</span> <span class='ocrx_word' id='word_1_234' title='bbox 524 4288 769 4350; x_wconf 90' lang='lat' dir='ltr'>resurrectionis</span> <span class='ocrx_word' id='word_1_235' title='bbox 780 4290 849 4351; x_wconf 89' lang='lat' dir='ltr'>eius</span> <span class='ocrx_word' id='word_1_236' title='bbox 859 4290 1023 4369; x_wconf 86' lang='lat' dir='ltr'>attingere</span> <span class='ocrx_word' id='word_1_237' title='bbox 1034 4307 1218 4351; x_wconf 87' lang='lat' dir='ltr'>mereamur</span> <span class='ocrx_word' id='word_1_238' title='bbox 1228 4285 1310 4348; x_wconf 90' lang='lat' dir='ltr'>inef-</span> 
     </span>
     <span class='ocr_line' id='line_1_41' title="bbox 95 4374 620 4459; baseline 0 -20"><span class='ocrx_word' id='word_1_239' title='bbox 95 4374 199 4441; x_wconf 80' lang='lat' dir='ltr'>fabile</span> <span class='ocrx_word' id='word_1_240' title='bbox 215 4374 421 4459; x_wconf 88' lang='lat' dir='ltr'>mysterium.</span> <span class='ocrx_word' id='word_1_241' title='bbox 436 4395 496 4457; x_wconf 90' lang='lat' dir='ltr'>per</span> <span class='ocrx_word' id='word_1_242' title='bbox 510 4394 620 4456; x_wconf 91' lang='lat' dir='ltr'>quem.</span> 
     </span>
    </p>
   </div>
   <div class='ocr_carea' id='block_1_19' title="bbox 455 4524 955 4592">
    <p class='ocr_par' dir='ltr' id='par_1_20' title="bbox 455 4524 955 4592">
     <span class='ocr_line' id='line_1_42' title="bbox 455 4524 955 4592; baseline -0.002 -14"><span class='ocrx_word' id='word_1_243' title='bbox 455 4524 464 4561; x_wconf 89' lang='lat'>¹</span> <span class='ocrx_word' id='word_1_244' title='bbox 479 4528 543 4578; x_wconf 87' lang='lat' dir='ltr'>This</span> <span class='ocrx_word' id='word_1_245' title='bbox 554 4528 663 4592; x_wconf 77' lang='lat' dir='ltr'>heading</span> <span class='ocrx_word' id='word_1_246' title='bbox 674 4536 764 4578; x_wconf 84' lang='lat' dir='ltr'>cannot</span> <span class='ocrx_word' id='word_1_247' title='bbox 777 4546 833 4579; x_wconf 88' lang='lat' dir='ltr'>now</span> <span class='ocrx_word' id='word_1_248' title='bbox 845 4528 876 4579; x_wconf 87' lang='lat' dir='ltr'>be</span> <span class='ocrx_word' id='word_1_249' title='bbox 889 4530 955 4579; x_wconf 85' lang='lat' dir='ltr'>read.</span> 
     </span>
    </p>
   </div>
   <div class='ocr_carea' id='block_1_20' title="bbox 0 0 1524 5106">
    <p class='ocr_par' dir='ltr' id='par_1_21' title="bbox 0 0 1524 5106">
     <span class='ocr_line' id='line_1_43' title="bbox 0 0 1524 5106; baseline 0 2"><span class='ocrx_word' id='word_1_250' title='bbox 0 0 1524 5106; x_wconf 95' lang='lat' dir='ltr'> </span> 
     </span>
    </p>
   </div>
  </div>
 </body>
</html>
