3038 5106
399 331 427 380 V.
458 330 509 381 II).
539 330 627 381 NOU.
658 330 746 379 NAT.
777 332 804 380 S.
839 330 1041 381 THEODORI.
1272 344 1319 394 223

654 489 791 555 Secreta.

163 605 215 670 Sit
245 603 305 668 tibi
331 604 543 686 omnipotens
569 612 663 685 pater
688 601 751 664 hoc
776 600 1006 665 holocaustum
1034 603 1118 665 sicut
1144 602 1233 683 quod
1260 602 1320 664 tibi

116 691 237 774 optulit
252 692 308 774 qui
332 701 469 773 peccata
484 700 597 752 nostra
612 691 646 751 in
661 709 757 751 cruce
783 689 925 771 pertulit.
952 701 985 751 et
1011 700 1127 751 sancto
1153 688 1323 752 eustachio

118 799 193 842 cum
218 780 314 842 sociis
330 779 396 840 suis
413 776 645 839 intercedente.
671 776 713 838 ad
740 786 797 838 tua
813 787 927 839 sancta
942 776 1104 838 sumenda
1123 776 1242 857 dignos
1259 797 1319 839 nos

115 886 285 949 praepara.
303 886 361 947 per
376 865 528 927 eundem.

630 983 810 1063 Praefatio.

164 1099 214 1162 (D
232 1118 289 1179 per
304 1097 461 1159 christum
479 1097 652 1159 dominum
669 1107 827 1158 nostrum.
874 1094 983 1176 Quem
1000 1093 1116 1157 beatus
1132 1095 1321 1158 eustachius

120 1184 314 1247 mirabiliter
324 1185 441 1247 meruit
459 1203 646 1265 agnoscere.
657 1193 689 1245 et
700 1184 850 1263 agnitum
864 1183 1018 1262 usquead
1035 1184 1320 1245 consumationem

117 1273 208 1334 uitae
225 1271 364 1334 fideliter
379 1271 523 1352 diligere.
563 1270 664 1333 Cuius
680 1271 749 1332 uita
763 1271 794 1331 in
807 1271 936 1350 magnis
953 1268 1219 1331 tribulationibus
1235 1271 1321 1331 exti-

119 1360 161 1421 tit
176 1360 378 1421 examinata.
391 1359 474 1420 sicut
487 1358 698 1419 examinatur
714 1368 895 1437 argentum.
908 1357 963 1436 qui
977 1366 1012 1418 ut
1029 1357 1136 1419 adhuc
1153 1357 1323 1438 probatior

119 1446 312 1507 redderetur
340 1466 420 1507 auro
447 1446 536 1526 quod
563 1465 621 1525 per
647 1445 757 1524 ignem
784 1442 948 1522 probatur.
975 1442 1214 1504 nobilissimum
1247 1463 1320 1505 cum

119 1531 334 1594 nobilissimis
350 1533 445 1594 sociis
461 1532 616 1593 sustinuit
632 1531 834 1610 martyrium.
874 1528 1022 1610 Quorum
1038 1531 1161 1592 meritis
1174 1530 1217 1591 ibi
1229 1530 1324 1592 nobis

120 1620 230 1700 portio
246 1619 326 1681 lucis
342 1629 496 1681 aeternae
512 1619 680 1681 tribuatur.
698 1618 753 1679 ubi
779 1618 839 1698 ipsi
863 1618 934 1678 sine
950 1616 1014 1677 fine
1031 1618 1114 1679 sieut
1130 1617 1178 1679 sol
1197 1618 1227 1679 in
1245 1637 1322 1679 con-

117 1716 235 1787 spectu
251 1716 310 1768 tuo
325 1706 507 1788 fulgebunt.
524 1726 581 1787 per
603 1724 702 1785 quem
720 1705 926 1766 maiestatem
944 1714 1044 1766 tuam.

575 1830 637 1892 Ad
647 1828 871 1910 corrrplendnm.

166 1941 260 2006 Sicut
276 1943 392 2004 beatus
408 1941 597 2005 eustachius
612 1962 687 2004 cum
698 1942 794 2003 sociis
805 1942 871 2002 suis
888 1941 1022 2002 domine
1036 1941 1068 2002 in
1080 1941 1212 2003 caelesti
1230 1942 1323 2004 clari-

120 2039 191 2093 tate
207 2050 307 2112 purus
320 2029 439 2091 rutilat.
451 2030 621 2091 sicsancta
637 2048 722 2110 quae
738 2029 939 2109 sumpsimus
956 2028 1018 2089 illis
1035 2029 1322 2092 intercedentibus

119 2136 221 2200 puros
237 2137 297 2178 nos
314 2116 373 2178 tibi
389 2115 542 2178 efficiant.
558 2136 624 2198 per.

159 2308 206 2357 vr.
232 2295 323 2357 Inus
348 2294 441 2358 Nou.
468 2294 623 2356 Ninus:
648 2292 884 2357 §.ructonun
909 2307 975 2355 1111.
1000 2293 1301 2358 Cononaronsn.

169 2408 303 2469 Praesta
319 2425 497 2487 quesumus
513 2407 724 2486 omnipotens
741 2404 829 2467 deus.
846 2414 881 2466 ut
901 2406 955 2485 qui
979 2404 1140 2485 gloriosos
1164 2419 1325 2486 martyres

121 2493 290 2557 claudium
302 2495 525 2556 nicostratum.
536 2491 809 2573 symphorianum
820 2493 997 2553 castorium
1008 2501 1107 2573 atque
1117 2494 1324 2574 simplicium.

125 2580 225 2644 sortes
242 2582 274 2642 in
292 2600 350 2642 sua
361 2580 803 2660 consessionecognouimus.
815 2580 887 2659 pios
900 2579 988 2659 apud
1006 2588 1038 2640 te
1056 2581 1212 2642 innostra
1229 2581 1326 2641 inter-

123 2668 273 2730 cessione
288 2668 477 2729 sentiamus
494 2687 552 2748 per
567 2666 748 2728 dominum.

659 2781 797 2844 Secreta.

168 2881 378 2966 (Benedictio
408 2891 465 2943 tua
496 2881 632 2942 domine
661 2879 754 2961 larga
783 2878 972 2942 descendat.
989 2900 1074 2960 quae
1099 2889 1133 2943 et
1160 2880 1215 2961 [so.
1238 2882 1325 2945 160v.

125 2989 263 3032 munera
280 2978 391 3030 nostra
414 2966 688 3049 depraecantibus
712 2967 835 3028 sanctis
861 2966 934 3028 tuis.
952 2967 1010 3028 tibi
1039 2967 1156 3030 reddat
1181 2979 1327 3049 accepta.

123 3066 159 3119 et
186 3054 280 3118 nobis
304 3064 547 3117 sacramentum
574 3053 811 3136 redemptionis
832 3052 960 3115 efficiat.
977 3074 1036 3136 per
1058 3054 1228 3117 dominum
1254 3076 1327 3117 nos-

124 3152 221 3205 trum.

638 3255 817 3335 Praefatin

171 3368 221 3434 (D
247 3380 380 3435 aeterne
406 3374 495 3435 deus.
542 3371 777 3436 Caelebrantes
801 3381 989 3434 sanctorum
1015 3373 1168 3435 natalicia
1192 3393 1328 3435 corona·

124 3463 243 3520 torum.
259 3460 337 3540 quia
360 3461 439 3523 dum
463 3460 510 3522 tui
534 3458 677 3520 nominis
700 3480 758 3540 per
780 3479 837 3520 eos
860 3459 998 3540 gloriam
1023 3459 1278 3540 frequentamus.
1296 3460 1327 3521 in

127 3553 259 3606 nostrae
286 3544 361 3609 fidei
392 3555 573 3628 augmento
602 3545 863 3608 succresscimus.
888 3566 945 3626 per
971 3546 1128 3608 christum
1155 3548 1327 3610 dominum

126 3642 284 3693 nostrum.

580 3751 642 3813 Ad
652 3750 877 3832 conplcndum.

171 3850 376 3918 Caelestibus
392 3854 502 3918 resecti
518 3855 734 3917 sacramentis
757 3864 791 3916 et
813 3854 942 3936 gaudiis
965 3855 1129 3937 supplices
1145 3865 1178 3918 te
1194 3856 1328 3917 domine

126 3938 371 4088 deprdaecamur.
382 3952 418 4005 ut
428 3962 567 4024 quorum
578 3941 758 4023 gloriamur
770 3940 954 4023 triumphis.
965 3953 1178 4024 protegamur
1190 3943 1329 4004 auxiliis.

127 4045 186 4107 per
225 4046 382 4090 ominum.

193 4208 225 4259 v.
252 4196 342 4261 luus
367 4196 460 4261 Nou,
486 4198 641 4261 Names
666 4197 807 4262 sunem
831 4198 1032 4263 Tneooosu
1058 4199 1264 4263 Mimans.

172 4306 266 4372 Deus
280 4310 337 4392 qui
353 4330 414 4373 nos
430 4308 517 4373 beati
534 4310 686 4373 theodori
710 4311 863 4392 martyris
886 4312 934 4374 tui
957 4311 1164 4376 consessione
1187 4312 1330 4394 gloriosa

128 4393 314 4459 circumdas
328 4406 364 4461 et
378 4398 532 4481 protegis.
549 4407 681 4481 praesta
695 4395 792 4460 nobis
814 4398 884 4461 eius
906 4398 1092 4462 imitatione
1115 4398 1280 4482 proficere.
1296 4413 1330 4465 et

128 4482 279 4547 oratione
294 4482 406 4549 fulciri
422 4504 489 4567 per.
