3038 5106
356 348 426 399 1111.
456 347 542 399 KAL.
572 347 659 400 AUG.
689 348 777 399 NAT.
807 349 835 399 S.
865 347 1015 399 FELICIS
1041 350 1158 401 MART.
1318 362 1362 411 191

606 498 670 563 Ad
686 497 915 581 corrplendum.

207 598 302 663 Beati
328 597 471 681 apostoli
497 598 547 662 tui
574 598 681 661 iacobi
712 599 806 662 cuius
835 597 936 663 hodie
967 598 1147 663 festiuitate
1172 618 1308 682 corpore
1331 610 1364 663 et

157 686 325 769 sanguine
340 696 400 750 tuo
424 705 485 749 nos
506 684 656 749 refecisti.
672 705 853 767 quesumus
879 686 1014 749 domine
1036 688 1107 749 eius
1131 686 1364 749 intercessione

158 794 225 837 nos
254 774 378 837 adiuua
408 793 468 854 pro
498 773 592 836 cuius
622 771 871 854 sollempnitate
901 773 1110 855 percepimus
1150 784 1207 836 tua
1248 783 1363 836 sancta

158 860 334 923 laetantes.
350 880 416 943 per.

195 1044 228 1094 v.
253 1029 345 1093 Knc.
369 1030 465 1094 Auo.
490 1028 648 1093 Nnrnee
673 1028 814 1095 Snucrr
841 1030 1109 1093 Pnurncuours
1134 1029 1340 1091 nlnurmrs.

208 1143 421 1206 Praetiosam.
446 1141 671 1204 celebritatem
699 1143 804 1205 sancti
833 1142 987 1223 martyris
1018 1138 1076 1204 tui'
1091 1142 1225 1204 domine
1248 1152 1364 1222 panta-

157 1230 268 1293 leonis
295 1228 426 1311 plebem
453 1228 652 1291 recolentem
678 1229 805 1310 gratiae
832 1239 910 1291 tuae
935 1228 1125 1291 muneribus
1142 1228 1309 1310 perfunde.
1327 1240 1363 1289 ut

156 1317 256 1380 cuius
267 1326 318 1379 est
334 1316 420 1379 inter
429 1312 610 1389 nataliciisf
626 1317 783 1379 interesse
797 1316 907 1378 ualeat
920 1326 954 1378 et
970 1316 1100 1379 brauiis.
1117 1336 1175 1397 per
1188 1314 1361 1377 dominum

157 1413 322 1467 nostrum.

693 1520 832 1584 Secreta.

208 1621 304 1685 Haec
334 1621 470 1684 domine
500 1620 594 1682 altari
627 1630 686 1682 tuo
719 1640 857 1683 munera
889 1620 1032 1702 inposita
1059 1621 1129 1702 ipse
1160 1618 1299 1682 benedic
1329 1632 1362 1682 et

159 1709 302 1791 suscipe.
327 1718 364 1771 ut
391 1707 625 1771 intercessione
649 1706 738 1769 beati
765 1707 974 1790 pantaleonis
1005 1707 1167 1788 martyris.
1199 1706 1296 1769 nobis
1318 1709 1361 1769 ad

160 1794 305 1859 fructum
323 1792 496 1877 proficiant
512 1793 637 1857 salutis.
654 1815 720 1877 per.

684 1931 866 2012 Praesarn.

208 2032 258 2097 (D
290 2050 349 2115 per
379 2031 536 2094 christum
568 2031 741 2094 dominum
783 2042 941 2094 nostrum.
1012 2031 1241 2094 Persoluentes
1280 2032 1362 2093 iubi-

164 2116 315 2193 lationis†
330 2128 364 2181 et
387 2138 523 2181 munera
547 2129 715 2181 sacrantes
737 2116 984 2199 expiationem†
1003 2118 1203 2181 ineffabilem
1220 2119 1362 2200 gratiam

166 2206 324 2269 miramur
347 2225 433 2287 quae
459 2216 529 2266 tarn
557 2204 735 2267 excellenti
764 2205 969 2286 protectione
986 2205 1120 2267 beatum
1138 2206 1361 2287 praemuniuit

164 2293 399 2375 pantaleonem
422 2303 459 2355 ut
474 2292 503 2353 ei
520 2311 585 2354 non
603 2290 710 2353 solum
736 2292 898 2353 rebellans
923 2292 1079 2355 seuientis
1095 2293 1216 2355 saeculi
1233 2312 1364 2374 peruer-

164 2380 246 2443 sitas
271 2380 448 2461 quicquam
474 2377 683 2441 formidabile
710 2378 838 2441 inferre¹
867 2379 999 2442 ualeret.
1024 2380 1082 2441 sed
1111 2400 1147 2441 se
1177 2381 1300 2441 uictam
1330 2380 1361 2441 in

165 2476 309 2547 martyre
326 2466 435 2547 potius
452 2467 680 2547 ingemisceret
703 2486 779 2529 cum
807 2466 959 2545 probarei
974 2468 1171 2549 extinguere
1186 2486 1285 2548 quern
1303 2466 1362 2528 lux

165 2553 314 2617 ueritatis
343 2572 403 2614 sua
430 2553 564 2615 uestiuit
590 2553 748 2616 claritate.
764 2554 820 2635 qui
846 2555 939 2616 cuius
966 2553 1100 2616 calicem
1125 2554 1287 2635 passionis
1304 2574 1363 2635 pro

164 2639 263 2703 titulo
295 2638 511 2702 confessionis
541 2638 677 2703 bibebat
709 2641 740 2702 in
773 2643 955 2703 tormentis,
986 2661 1073 2703 nunc
1103 2642 1250 2703 eiusdem
1292 2660 1362 2722 per-

165 2728 265 2791 henni
282 2727 439 2789 societate
455 2725 585 2790 exultat
602 2729 634 2789 in
651 2728 757 2789 caelis.
775 2747 947 2809 perquem
966 2728 1171 2790 maiestatem
1189 2738 1289 2790 tuam.

607 2848 669 2910 Ad
687 2848 913 2930 conparandum.

209 2946 304 3032 Quos
329 2948 479 3030 supernis
516 2948 651 3011 domine
682 2948 823 3011 refecisti
855 2949 1031 3011 alimentis,
1062 2949 1123 3010 hos
1154 2948 1362 3031 sempiternis

164 3056 346 3119 quesumus
357 3036 447 3117 reple
458 3036 668 3097 incrementis
680 3045 714 3097 et
732 3036 920 3099 interuentu
933 3036 1038 3099 sancti
1056 3036 1186 3118 panta-l
1202 3034 1258 3117 [fo.
1274 3052 1354 3114 137v

164 3122 270 3187 leonis
284 3122 419 3185 sidereis
435 3122 579 3203 adiunge
595 3122 750 3203 collegiis.
767 3142 826 3204 per
842 3124 1014 3186 dominum
1032 3134 1190 3186 nostrum.

231 3302 298 3353 1111.
323 3289 413 3353 Knc.
438 3290 533 3353 Auo.
561 3290 717 3353 Nnrncn
741 3289 883 3356 Snucrr
909 3292 1057 3355 Furrcrs
1084 3292 1288 3355 linurrurs.

212 3400 442 3465 infirmitatem
482 3412 630 3463 nostram
670 3403 796 3484 respice
834 3404 1047 3486 omnipotens
1085 3405 1175 3466 deus.
1214 3415 1248 3466 et
1286 3405 1361 3485 quia

164 3489 297 3571 pondus
321 3489 451 3571 proprie
476 3488 615 3551 actionis
639 3500 766 3571 grauat.
793 3491 881 3553 beati
911 3490 1013 3553 felicis
1030 3492 1184 3572 martyris
1200 3492 1247 3553 tui
1265 3491 1360 3554 inter·

163 3576 270 3639 cessio
285 3575 429 3657 gloriosa
444 3596 505 3637 nos
521 3585 682 3658 protegat.
700 3598 759 3659 per
773 3578 955 3640 dominum.

693 3688 830 3752 Secreta.

209 3786 361 3869 Accepta
387 3786 429 3849 sit
454 3787 486 3849 in
512 3798 692 3871 conspectu
721 3798 779 3851 tuo
802 3790 937 3852 domine
955 3800 1068 3853 nostra
1083 3791 1225 3854 deuotio.
1243 3803 1276 3855 et
1292 3794 1360 3855 eius

165 3873 262 4024 nobi}
275 3872 332 3974 fiat
343 3871 585 3955 supplicatione
600 3874 760 3939 salutaris.
774 3897 834 3959 pro
846 3878 940 3941 cuius
953 3878 1200 3960 sollempnitate
1211 3879 1357 3943 defertur

162 3981 224 4045 per
262 3979 420 4024 ominum.

611 4064 673 4128 Ad
689 4066 915 4147 cotrmlendum.

211 4161 370 4247 Spiritum
398 4162 494 4226 nobis
520 4163 655 4228 domine
680 4175 759 4228 tuac
786 4166 937 4231 karitatis
964 4169 1108 4233 infunde.
1134 4180 1169 4233 ut
1196 4191 1280 4253 quos
1297 4192 1363 4235 uno

163 4250 299 4315 caelesti
314 4270 401 4333 pane
416 4251 544 4314 satiasti
561 4252 784 4317 intercedente
809 4254 909 4318 beato
936 4254 1031 4320 felice
1059 4270 1205 4341 martyre
1222 4268 1289 4323 tuo.
1306 4268 1363 4323 tna

163 4336 266 4403 facias
281 4338 406 4421 pietate
420 4340 609 4403 concordes.
625 4360 684 4423 per
698 4339 881 4405 dominum.

456 4454 465 4487 ¹
482 4456 542 4507 Nou
552 4456 642 4507 should
653 4458 774 4525 probably
785 4460 817 4510 be
828 4461 942 4527 supplied
954 4462 1021 4514 here.

455 4520 467 4555 ¹
482 4522 519 4575 So
530 4522 587 4575 MS.
601 4524 708 4589 perhaps
719 4522 757 4575 for
763 4526 886 4591 probarer.
