3038 5106
208 354 254 406 1⁶6
419 355 502 407 XIII.
533 356 618 407 lm.
648 356 731 406 APR.
762 356 847 407 ΜΡ.
877 356 904 407 S.
937 355 1196 408 CUI'IIBERIII'I.

740 523 878 586 Secreta.

257 634 399 697 Intende
425 634 560 696 domine
585 654 722 697 munera
745 655 926 716 quesumus
952 634 1112 698 altaribus
1137 634 1201 698 tuis
1229 653 1291 715 pro
1315 652 1414 695 sanc-

211 729 320 785 tarum
333 730 464 784 tuarum
482 720 648 784 felicitatis
664 731 697 784 et
713 733 892 804 perpetuae
901 723 1217 785 commemoratione
1230 720 1415 803 proposita.

211 818 248 871 ut
263 809 348 871 sicut
363 828 422 890 per
436 807 518 869 haec
534 806 632 871 beata
648 810 806 890 mysteria
822 808 886 872 illis
901 808 1040 890 gloriam
1056 808 1232 871 contulisti.
1250 808 1298 871 ita
1314 807 1415 869 nobis

212 895 455 976 indulgentiam
472 893 628 976 largiaris.
645 916 704 977 per
718 896 891 959 dominum
908 906 1066 960 nostrum.

667 1032 727 1095 Ad
737 1033 962 1114 corrmlendum.

256 1143 392 1207 Praesta
407 1144 503 1208 nobis
522 1145 657 1207 domine
683 1165 864 1228 quesumus
893 1144 1179 1208 intercedentibus.
1195 1144 1321 1207 sanctis
1337 1143 1416 1207 tuis.

212 1240 250 1294 ut
264 1250 349 1311 quae
365 1251 421 1294 ore
436 1232 660 1313 contingimus
676 1251 758 1313 pura
776 1241 886 1294 mente
901 1233 1079 1314 capiamus.
1096 1252 1161 1314 per.

289 1433 357 1483 1111.
383 1419 474 1485 Inus
499 1421 621 1486 MART.
646 1421 802 1484 Numen
826 1421 966 1487 Snncn
991 1419 1178 1485 Gnuoonn
1204 1420 1336 1483 Purus.

257 1548 349 1612 Deus
375 1549 432 1630 qui
459 1551 590 1612 animae
621 1549 735 1613 famuli
765 1550 814 1614 tui
844 1550 985 1632 gregorii
1016 1559 1170 1613 aeternae
1196 1548 1417 1612 beatitudinis

213 1636 517 1718 premiacontulisti
527 1638 673 1700 concede
688 1638 859 1720 propitius
875 1648 912 1701 ut
927 1638 984 1719 qui
1000 1646 1210 1719 peccatorum
1222 1644 1414 1698 nostrorum

212 1723 360 1873 pondere
386 1725 596 1805 praemimur.
621 1725 691 1786 eius
721 1724 809 1807 apud
841 1735 874 1787 te
905 1725 1077 1806 praecibus
1107 1723 1327 1786 subleuemur.
1356 1742 1416 1804 per

237 1829 395 1872 ominum.

749 1944 884 2008 Secreta.

259 2052 400 2138 [Annue
424 2053 520 2116 nobis
542 2055 677 2117 domine
698 2065 734 2118 ut
755 2057 887 2118 animae
906 2055 1021 2126 famuli
1038 2055 1086 2119 tui
1102 2053 1244 2137 gregorii
1266 2053 1324 2137 [fo.
1346 2069 1413 2131 119.

217 2142 321 2223 prosit
341 2141 474 2204 oblatio¹
491 2161 591 2222 quam
620 2142 833 2206 immolando.
861 2144 963 2206 totius
980 2143 1095 2206 mundi
1111 2141 1254 2205 tribuisti
1271 2139 1413 2203 relaxari

218 2227 347 2291 delicta
364 2249 422 2311 per
437 2229 618 2291 dominum.
1310 2236 1313 2241 '

732 2367 914 2448 Praefatio.

259 2478 309 2543 (D
333 2487 466 2541 aeterne
490 2479 582 2541 deus.
628 2477 717 2560 Quia
743 2480 790 2542 sic
815 2480 931 2543 tribuis
961 2479 1154 2543 aecclesiam
1185 2489 1279 2542 tuam
1309 2477 1415 2540 sancti

218 2566 358 2646 gregorii
386 2564 551 2646 pontificis
578 2566 625 2628 tui
650 2568 967 2630 commemoratione
993 2567 1148 2648 gaudere.
1173 2575 1210 2628 ut
1237 2583 1311 2627 eam
1329 2563 1416 2626 illius

219 2662 252 2715 et
269 2651 449 2714 iestiuitate
466 2652 630 2715 laetifices.
646 2662 680 2715 et
707 2653 864 2735 exemplo
880 2655 956 2735 piae
971 2653 1232 2716 conuersationis
1248 2671 1415 2715 exerceas.

219 2748 252 2801 et
282 2738 384 2802 uerbo
414 2740 669 2821 praedicationis
707 2742 846 2803 erudias.
884 2751 1045 2822 grataque
1082 2741 1142 2803 tibi
1172 2738 1417 2822 supplicatione

219 2827 349 2890 tuearis.
366 2846 423 2907 per
438 2826 597 2889 christum
613 2827 787 2889 dominum
805 2840 961 2890 nostrum.

668 2964 730 3026 Ad
740 2965 965 3046 conplendum.

264 3074 355 3137 Deus
382 3075 438 3155 qui
463 3073 598 3137 beatum
629 3077 816 3157 gregorium
848 3075 1039 3158 pontificem
1070 3084 1258 3138 sanctorum
1282 3084 1416 3137 tuorum

222 3162 346 3224 meritis
376 3163 554 3242 coequasti.
586 3164 731 3226 concede
761 3165 922 3245 propitius
948 3175 983 3226 ut
1007 3163 1063 3244 qui
1089 3161 1418 3225 commemorationis

215 3248 406 3398 tqiussesta
437 3249 641 3329 percolimus.
679 3250 747 3326 uite
785 3271 918 3331 quoque
957 3250 1124 3312 imitemur
1161 3247 1327 3329 exempla
1359 3269 1419 3331 per

240 3355 397 3398 ommum.

218 3533 297 3583 x111.
322 3520 412 3582 KAL.
437 3519 527 3583 Aru.
554 3520 759 3584 Durosrmo
791 3521 932 3586 Snucur
956 3521 1209 3585 Curuuunnrr
1233 3521 1418 3589 Esuscoer.

263 3639 486 3722 Omnipotens
502 3642 702 3723 sempiterne
725 3642 814 3705 deus.
838 3643 894 3723 qui
919 3644 950 3705 in
967 3644 1093 3706 meritis
1103 3643 1208 3705 sancti
1226 3641 1418 3720 cuthberhti

220 3729 400 3791 sacerdotis
415 3749 546 3810 semper
568 3749 603 3790 cs
626 3739 658 3790 et
682 3729 804 3810 ubique
825 3730 991 3792 mirabilis.
1007 3749 1187 3812 quesumus
1203 3728 1417 3791 clementiam

221 3825 321 3878 tuam.
350 3825 386 3878 ut
410 3816 494 3877 sicut
518 3816 547 3876 ei
575 3816 775 3878 eminentem
795 3817 939 3897 'gloriam
967 3816 1143 3879 contulisti.
1169 3817 1215 3878 sic
1241 3815 1284 3878 ad
1301 3834 1417 3878 conse·

219 3902 387 3982 quendam
406 3902 662 3965 misericordiam
681 3912 772 3965 tuam
786 3905 856 3966 eius
873 3924 933 3966 nos
949 3904 1050 3966 sacias
1065 3903 1238 3985 praecibus
1254 3902 1416 3965 adiuuari.

216 4008 283 4070 per.

749 4110 885 4175 Secreta.

261 4220 355 4283 Haec
372 4221 430 4284 tibi
447 4220 581 4284 domine
597 4242 777 4303 quesumus
793 4223 880 4288 beati
897 4222 1093 4286 cuthberhti.
1109 4222 1305 4286 sacerdotis¹
1320 4232 1416 4304 grata

216 4306 373 4371 reddatur
402 4308 535 4371 oblatio.
566 4318 599 4371 et
638 4329 696 4390 per
736 4331 810 4373 eam
850 4308 1015 4384 nostram†
1038 4310 1182 4392 gloriosa
1212 4309 1413 4373 famulatum

217 4393 376 4476 purificet.
393 4415 452 4477 per
467 4395 640 4459 dominum
657 4408 815 4461 nostrum.

476 4534 483 4563 ¹
502 4531 678 4585 Intercessr’one
687 4533 778 4586 should
788 4534 911 4601 mobably
921 4534 953 4585 be
964 4534 1079 4601 supplied
1089 4535 1157 4585 here.
