3038 5106
536 361 693 412 Narnia
717 363 743 412 s.
773 360 923 410 Areum
1317 368 1331 421 ς

610 514 671 576 Ad
683 526 855 595 aequuum.

178 625 287 690 ‘fuere
298 646 479 709 quesumus
491 628 628 689 domine
641 625 800 688 familiam
814 635 846 688 et
859 625 960 687 sacris
971 644 1103 706 semper
1113 622 1229 686 attolle
1239 642 1332 704 prae-

133 714 228 777 sidiis
249 714 422 795 sanctique
445 714 600 796 martyris
623 715 670 775 tui
695 734 733 775 ac
758 715 844 794 regis
868 711 1069 774 eaduueardi
1090 710 1332 773 interuentione

132 821 235 883 quem
253 802 412 864 moderna
423 811 623 883 tempestate
638 800 804 862 humanae
820 800 957 862 notitiae
981 800 1135 861 intimare
1157 797 1291 859 uoluisti
1314 815 1334 858 a

132 898 345 970 peccatorum
361 889 510 951 omnium
524 887 676 969 periculis
686 888 879 967 expeditam
891 898 1044 948 aeternae
1055 884 1219 948 felicitatis
1235 882 1335 946 redde

128 984 332 1039 consortem.
347 995 414 1057 per.

690 1077 784 1141 Alia.

180 1186 289 1269 [Deus
315 1190 371 1271 qui
396 1189 638 1252 nobilissimum
665 1210 775 1270 regern
801 1187 1048 1251 eaduueardum
1069 1186 1158 1249 necis
1190 1182 1246 1269 [io.
1264 1201 1291 1247 2.
1307 1206 1336 1247 v.

135 1275 271 1339 interitu
295 1275 617 1339 contemtibilissime
641 1276 846 1358 martyrizari
870 1275 1055 1357 permisisti.
1072 1294 1139 1355 quo
1161 1293 1238 1335 eum
1261 1271 1337 1334 sub-

134 1362 259 1426 limiter
269 1365 313 1427 ad
326 1382 464 1445 regnum
478 1363 673 1445 perduceres
685 1363 855 1426 caelestae.
869 1372 1000 1442 praesta
1012 1381 1192 1443 quesumus
1203 1368 1240 1422 ut
1252 1360 1337 1421 eius-

133 1448 213 1513 dem
230 1451 335 1513 sancti
352 1450 507 1533 martyris
522 1449 780 1531 suffragantibus
800 1449 933 1511 meritis.
957 1468 976 1509 a
999 1448 1126 1510 cunctis
1151 1447 1339 1509 muniamur

132 1536 293 1601 aduersis.
310 1558 368 1619 per
384 1538 557 1601 dominum
574 1546 724 1599 nostrum
742 1538 846 1599 iesum
863 1534 1031 1598 christum.

344 1734 406 1783 x11.
424 1721 515 1785 Kar..
533 1720 610 1783 Iur..
628 1720 786 1783 Numa
802 1718 944 1783 Saucn
961 1718 1136 1781 Boreum.

183 1858 276 1922 Deus
291 1860 442 1921 omnium
453 1879 628 1941 regnorum
646 1858 848 1939 gubernator
864 1868 897 1920 et
921 1867 1027 1919 rector
1042 1858 1097 1939 qui
1121 1857 1253 1920 famulis
1276 1858 1340 1921 tuis

136 1944 303 2019 annuam†
315 1946 403 2009 beati
420 1944 536 2008 botulfi
561 1943 692 2008 abbatis
710 1946 837 2027 largiris
854 1943 990 2021 festam†
1013 1954 1199 2007 nostrorum
1223 1963 1339 2025 quesu-

138 2052 215 2095 mus
236 2033 312 2097 dele
334 2034 503 2096 cicatrices
526 2032 709 2095 uulnerum.
734 2033 952 2113 caelestisque
975 2032 1102 2113 patriae
1126 2031 1222 2094 donis
1246 2031 1342 2095 refice

134 2120 359 2201 sempiternis.
376 2140 435 2202 per
450 2119 633 2182 dominum.

671 2224 808 2287 Secreta.

183 2334 309 2399 Munus
323 2335 385 2399 tibi
401 2356 420 2398 a
435 2336 567 2400 deuotis
582 2335 733 2399 oblatum
750 2335 882 2399 famulis
898 2345 1051 2399 aeternae
1066 2335 1218 2398 conditor
1234 2354 1341 2398 rerum

135 2422 316 2503 dignanter
331 2423 464 2505 respice.
481 2434 514 2485 et
532 2424 657 2486 meritis
672 2424 752 2487 almi
770 2423 1050 2486 intercedentibus
1067 2421 1183 2485 botulfi
1207 2422 1340 2485 caelesti

138 2508 221 2572 illud
251 2508 483 2573 benedictione
516 2509 687 2573 sanctifica
716 2511 879 2592 nobisque
910 2511 951 2574 ad
983 2520 1176 2573 cunctorum
1207 2510 1340 2571 ueniam

138 2597 369 2679 peccaminum
394 2608 428 2660 et
451 2596 494 2660 ad
518 2596 686 2671 caelestis†
712 2607 931 2679 augmentum
959 2596 1106 2679 perficiat
1122 2596 1252 2678 gaudia.
1283 2616 1342 2679 per·

137 2684 314 2747 dominum
326 2694 487 2747 nostrum.

649 2788 831 2869 Praefatio.

184 2899 235 2963 ff)
251 2907 384 2962 aeterne
400 2899 492 2962 deus
539 2899 604 2981 Qui
621 2920 721 2962 omne
736 2919 841 2980 genus
857 2900 1038 2962 humanum
1053 2898 1172 2961 callida
1184 2899 1257 2980 dyri
1274 2919 1338 2962 ser·

138 2986 250 3069 pentis
273 2984 388 3049 fraude
414 2984 591 3050 seductum
614 2996 646 3049 et
670 2987 766 3069 primi
791 2988 937 3068 parentis
961 3006 1122 3048 consensu
1146 3006 1166 3048 a
1188 2986 1338 3050 caelestis

138 3074 344 3136 amoenitate
359 3073 515 3155 paradysi
532 3073 697 3136 deiectum
722 3073 975 3136 misericorditer
998 3074 1130 3135 unicum
1154 3073 1337 3136 reformasti

138 3180 199 3243 per
213 3158 326 3223 filium.
351 3158 418 3241 Qui
441 3160 518 3223 ideo
547 3169 597 3222 est
616 3160 658 3223 de
673 3161 798 3223 intacta
822 3170 1002 3242 conceptus
1026 3161 1153 3242 uirgine
1176 3171 1212 3223 ut
1236 3180 1296 3221 nos
1319 3182 1339 3223 a

136 3255 334 3310 cunctorum
347 3245 496 3309 ablueret
508 3247 681 3309 criminum
693 3250 799 3310 sorde.
832 3247 945 3328 Atque
958 3248 1080 3310 idcirco
1093 3248 1207 3309 mortis
1222 3248 1338 3329 digna·

137 3342 194 3397 tus
209 3344 261 3397 est
275 3333 441 3415 suscipere
456 3354 607 3414 poenam.
623 3344 787 3416 quatenus
804 3355 864 3396 nos
879 3334 922 3396 ad
938 3335 1127 3396 aethereum
1145 3332 1341 3416 perducere†

140 3440 289 3503 regnum.
321 3420 385 3482 Pro
415 3421 508 3483 cuius
530 3420 706 3483 dilectione
729 3420 846 3484 beatus
869 3420 1016 3483 botulfus
1042 3430 1162 3484 cuncta
1184 3422 1339 3483 deserens

136 3508 212 3571 ima.
235 3506 391 3571 caelestia
413 3507 594 3588 promeruit
618 3527 726 3589 regna.
749 3506 848 3589 lProl
869 3509 962 3570 cuius
977 3505 1170 3581 obtentum
1187 3517 1219 3570 te
1235 3507 1292 3589 [fo.
1310 3523 1337 3585 3.

135 3594 274 3657 domine
283 3593 477 3656 humillimis
492 3591 703 3656 obsecramus
715 3595 852 3657 uocibus
867 3604 1030 3676 quatenus
1046 3615 1106 3656 nos
1122 3604 1197 3675 post
1214 3604 1325 3657 metan

137 3680 242 3745 cosmi
258 3680 457 3744 caelestibus
474 3680 587 3743 iubeas
602 3682 719 3744 sociari
730 3683 886 3745 coetibus.
903 3703 962 3765 per
977 3681 1144 3744 christum.

586 3814 648 3876 Ad
657 3814 881 3896 curipalendum.

182 3923 391 3990 Caelestibus
420 3926 505 4008 pasti
537 3925 678 4008 dapibus
700 3929 868 4010 supplices
891 3936 925 3988 te
948 3946 1103 4007 rogamus
1126 3926 1338 4009 omnipotens

137 4012 222 4077 deus
250 4020 418 4095 quatenus
446 4032 505 4095 per
527 4014 670 4094 gloriosa
686 4014 764 4077 almi
789 4016 891 4097 patris
915 4012 1029 4076 botulfi
1056 4014 1172 4075 merita
1196 4013 1338 4075 aeternis

141 4118 202 4163 nos
217 4100 332 4163 iubeas
347 4098 464 4163 sociari
480 4099 619 4181 gaudiis.
635 4122 695 4183 per
709 4103 891 4165 dominum.

224 4288 257 4337 x.
282 4274 374 4339 Kn1.
399 4274 478 4339 Iul..
503 4276 658 4338 Nartes
682 4274 824 4340 sinen
849 4274 997 4337 Auunui
1022 4276 1229 4338 lintrium.

181 4404 317 4472 Praesta
336 4428 517 4491 quesumus
541 4410 753 4492 omnipotens
777 4411 859 4471 deus
882 4417 918 4471 ut
941 4410 997 4491 qui
1013 4420 1164 4473 sanctum
1180 4410 1337 4475 albanum

138 4504 319 4577 martyrem
346 4508 441 4561 tuum
471 4506 505 4560 et
536 4498 605 4559 eius
632 4497 740 4559 socios
765 4498 882 4559 eadem
913 4506 1113 4579 tempestate
1137 4518 1338 4581 compassos.
