3038 5106
149 352 200 393 πω
326 342 355 395 V.
384 342 471 397 m
499 344 587 399 ΝΟΜ
616 344 706 397 rm.
734 345 783 399 SS.
811 344 971 397 smoms
993 344 1052 397 BT
1073 342 1208 399 ulnae.

593 520 894 605 Adcomplendum.

194 628 323 695 Reiecti
353 632 489 696 domine
518 631 751 697 benedictione
780 632 966 717 sollempni.
999 652 1180 715 quesumus
1217 639 1255 695 ut
1292 651 1352 713 per

150 718 419 783 intercessionem
451 721 557 783 sancti
583 720 660 784 iusti
687 720 852 785 medicina
876 720 1074 783 sacramenti
1099 729 1133 783 et
1157 719 1352 802 corporibus

149 807 271 869 nostris
286 807 390 890 prosit
405 816 439 870 et
456 806 630 871 mentibus.
645 826 705 889 per
718 807 901 872 dominum.

623 944 687 1008 Ad
697 955 872 1026 uespemm.

195 1056 287 1119 Deus
302 1056 358 1137 qui
373 1058 509 1121 beatum
526 1058 648 1121 iustum
672 1066 782 1120 aetate
800 1055 975 1140 paruulum
993 1075 1150 1138 magnum
1168 1053 1234 1119 lide
1249 1065 1352 1136 atque

150 1142 272 1206 uirtute
296 1142 409 1206 fecisti.
435 1143 542 1207 tribue
566 1164 746 1226 quesumus
770 1154 807 1207 ut
831 1144 959 1206 sincera
974 1143 1034 1205 tibi
1051 1153 1162 1206 mente
1178 1142 1300 1205 deuoti.
1317 1153 1353 1204 et

150 1231 332 1312 praesentis
356 1231 445 1294 uitae
475 1232 628 1294 remediis
657 1228 819 1313 gaudere†
848 1240 882 1294 et
912 1230 1048 1293 suturae.
1079 1250 1138 1311 per
1173 1228 1351 1292 dominum

148 1326 309 1380 nostrum.

149 1496 195 1548 v1.
220 1486 312 1549 Kan.
338 1487 432 1551 Nou.
457 1486 613 1551 Ursum
642 1486 928 1551 Arosrotonuu
951 1485 1122 1551 Svuoms
1147 1497 1195 1547 er
1219 1484 1353 1548 lunas.

194 1597 349 1662 Concede
380 1619 559 1680 quesumus
589 1599 802 1681 omnipotens
833 1600 923 1662 deus.
948 1607 985 1661 ut
1011 1598 1096 1661 sicut
1120 1596 1351 1679 apostolorum

150 1693 282 1748 tuorum
301 1687 451 1767 symonis
475 1696 508 1749 et
535 1687 612 1763 iude
638 1685 783 1768 gloriosa
808 1685 964 1749 natalicia
987 1684 1227 1769 praeuenimus.
1243 1684 1292 1747 sic
1307 1683 1352 1745 ad

151 1781 209 1835 tua
239 1771 398 1836 beneficia
428 1774 648 1855 promerenda
686 1774 893 1837 maiestatem
932 1782 1024 1835 tuam
1056 1792 1116 1854 pro
1153 1770 1250 1835 nobis
1288 1770 1352 1851 ipsi

149 1860 374 1941 praeueniant.
390 1880 449 1941 per
463 1860 644 1923 dominum.

682 1975 820 2039 Secreta.

195 2078 390 2142 Muneribus
400 2079 520 2141 nostris
533 2078 667 2143 domine
677 2080 868 2161 quesumus¹
879 2089 1069 2142 sanctorum
1090 2088 1222 2141 tuorum
1239 2098 1352 2160 symo-

151 2164 202 2228 nis
231 2173 264 2228 et
295 2167 392 2228 iudae
423 2165 507 2228 sesta
537 2167 774 2248 praecedimus.
805 2178 841 2228 ut
871 2184 957 2247 quae
981 2166 1202 2229 conscientiae
1218 2175 1352 2228 nostrae

149 2253 409 2335 praepediuntur
438 2253 626 2316 obstaculis.
652 2272 767 2316 eorum
800 2253 924 2315 meritis
947 2263 1042 2334 grata
1072 2253 1261 2316 reddantur.
1292 2271 1351 2334 per

148 2339 322 2402 dominum
339 2351 497 2403 nostrum.

659 2460 838 2542 Praefatio

195 2560 245 2623 ff)
278 2570 410 2637 aeterne
435 2560 525 2623 deus.
573 2558 661 2642 Quia
685 2570 721 2624 tu
748 2580 783 2622 es
811 2559 970 2622 mirabilis
994 2560 1026 2621 in
1050 2558 1206 2621 omnibus
1226 2557 1349 2620 sanctis

149 2647 223 2708 tuis,
239 2667 322 2728 quos
339 2649 481 2709 nominis
505 2648 553 2710 tui
578 2647 784 2709 consessione
809 2647 1001 2728 praeclaros.
1017 2656 1051 2708 et
1071 2654 1225 2728 suscepta
1241 2665 1302 2727 pro
1318 2655 1349 2706 te

150 2731 255 2796 fecisti
280 2735 433 2815 passione
457 2734 625 2815 gloriosos
672 2733 773 2797 Unde
797 2734 882 2795 sicut
898 2733 942 2795 illi
960 2734 1137 2795 ieiunando
1157 2733 1349 2812 orandoque

149 2830 366 2882 certauerunt.
384 2833 419 2883 ut
435 2821 520 2883 hanc
548 2831 684 2903 possent
708 2821 858 2902 optinere
885 2820 1064 2882 uictoriam.
1082 2820 1128 2881 ita
1151 2838 1347 2880 noseorum

150 2907 314 2989 exemplis
332 2907 552 2970 informemur.
570 2917 606 2970 ut
630 2909 670 2970 ad
695 2906 913 2969 caelebranda
937 2908 1123 2988 praesentia
1138 2906 1223 2967 festa
1238 2905 1347 2968 idonei

149 2993 363 3055 inueniamur.
389 2995 489 3056 etad
517 3005 651 3057 aeterna
676 2995 887 3076 percipienda
909 3014 1022 3056 eorum
1047 2995 1234 3056 interuentu
1258 2992 1347 3073 digni

149 3079 339 3142 iudicemur.
357 3101 415 3162 per
429 3082 587 3143 christum
605 3092 762 3144 nostrum.

603 3220 666 3282 Ad
675 3223 900 3302 cortmlendum.

195 3318 340 3403 Sumpto
386 3321 520 3384 domine
569 3335 778 3387 sacramento
826 3325 990 3407 supplices
1028 3325 1273 3404 depraecamur.
1314 3335 1349 3386 ut

151 3406 431 3470 intercedentibus
448 3408 553 3471 beatis
563 3411 722 3490 apostolis
738 3410 823 3494 [tuis.
841 3412 930 3494 quod
947 3411 1174 3493 temporaliter
1190 3410 1245 3491 [so.
1261 3426 1350 3490 157v.

151 3494 304 3575 gerimus,
322 3496 362 3556 ad
381 3496 485 3557 uitam
502 3498 672 3578 capiamus
689 3510 866 3562 aeternam.
883 3520 942 3582 per
956 3499 1128 3560 dominum
1148 3508 1306 3559 nostrum.

150 3691 181 3740 V.
207 3678 298 3741 Kat.
323 3679 418 3742 Nou.
443 3680 599 3744 Narnia
634 3682 917 3745 Arosnouoaun
951 3680 1192 3746 Surrexisse
1218 3681 1347 3744 Iunas.

196 3789 288 3853 Deus
315 3792 370 3873 qui
398 3812 458 3854 nos
483 3814 541 3873 per
567 3792 683 3856 beatos
710 3793 879 3876 apostolos
904 3804 977 3855 tuos
1004 3793 1046 3854 ad
1071 3793 1286 3874 agnitionem.
1303 3793 1349 3856 tui

152 3879 296 3939 nominis
312 3880 424 3941 uenire
448 3880 599 3942 tribuisti.
616 3880 659 3942 da
687 3882 781 3943 nobis
808 3901 921 3942 eorum
948 3879 1086 3960 gloriam
1104 3881 1350 3960 sempiternam.

152 3975 186 4027 et
202 3965 406 4047 proficiendo
422 3967 607 4029 caelebrare
623 3977 657 4028 et
674 3967 894 4029 caelebrando
911 3965 1079 4049 proficere.
1095 3988 1153 4049 per
1168 3967 1350 4029 dominum.

683 4104 820 4167 Secreta.

196 4213 344 4278 Gloriam
361 4215 496 4277 domine
522 4225 712 4278 sanctorum
739 4216 965 4297 apostolorum
989 4228 1183 4299 perpetuam
1201 4239 1352 4301 praecur-

152 4311 269 4364 rentes.
295 4322 475 4384 quesumus
502 4311 539 4365 ut
567 4301 708 4365 eandem
735 4303 836 4365 sacris
867 4306 1032 4385 mysteriis
1061 4305 1188 4387 expiati
1220 4304 1353 4387 dignius

150 4388 384 4452 caelebremus.
401 4410 466 4473 per.

411 4515 419 4547 ¹
436 4516 499 4567 This
510 4516 578 4566 word
590 4530 670 4568 seems
681 4524 709 4569 to
718 4517 752 4568 be
762 4516 918 4583 superfluous
928 4532 957 4567 or
968 4518 1113 4585 misplaced.
