3038 5106
412 360 468 409 DE
492 360 671 412 COMPU'I'O
695 361 994 411 ECCLESIASTICO.
1274 366 1304 413 41

69 557 74 567 .
97 506 242 589 deponit
257 520 362 574 xxxta
376 513 449 576 dies
464 523 641 595 supersunt
658 515 690 577 iii
707 516 739 577 id
757 516 788 577 vi
801 517 872 578 dies
887 517 929 578 de
945 515 975 577 vi
992 534 1081 577 anno
1096 533 1179 576 com.
1204 510 1246 572 id.
1270 508 1304 569 xi

96 594 173 657 dies
188 608 366 680 supersunt
381 602 459 663 anni
475 601 562 663 solis.
579 602 658 683 quia
672 602 720 664 sic
736 622 819 665 com.
836 602 930 665 aliter
945 602 1049 663 annis.
1073 602 1105 663 id
1129 604 1306 681 supersunt

97 700 121 743 a
148 682 219 748 sole
242 686 291 747 xii
317 686 397 750 dies.
423 688 510 751 inter
534 689 619 751 duos
643 710 750 751 annos
772 698 806 751 et
829 708 889 751 sex
913 689 1105 770 superiores.
1122 687 1154 748 id
1172 702 1306 747 necesse

98 778 206 833 estut
222 771 256 834 in
272 770 405 847 alterio†
420 794 509 837 anno
526 774 562 838 fit
577 775 802 839 embolismus.
818 786 852 838 et
868 796 934 838 non
958 776 1065 838 solum
1089 772 1305 836 embolismus

100 856 220 938 implet
237 859 308 921 dies
325 861 387 923 xix
404 862 445 923 ad
462 873 640 943 supersunt
657 864 678 924 ii
694 864 765 925 dies
782 884 801 925 a
817 863 903 925 luna.

145 942 380 1027 Augmentum
409 948 485 1009 lune
511 970 614 1030 quare
640 949 731 1012 litet
754 950 925 1032 quomodo
949 948 993 1011 fit.
1019 960 1052 1011 et
1075 948 1154 1029 quid
1172 953 1260 1007 esset
1276 944 1302 1004 si

100 1050 169 1093 non
194 1032 318 1097 suisset.
341 1055 442 1116 quare
466 1036 499 1098 id
523 1047 574 1098 est
590 1035 692 1117 quae†
707 1048 758 1099 est
774 1039 807 1098 in
824 1046 941 1099 natura
959 1036 1035 1098 lune
1051 1036 1198 1097 tarditas.
1214 1031 1304 1113 quod

101 1120 256 1199 superius
295 1123 447 1183 accensio
484 1124 554 1185 eius
600 1124 631 1185 in
679 1133 797 1186 natura
841 1143 942 1204 quam
990 1130 1160 1204 putaretur
1210 1119 1305 1181 addit

102 1206 243 1269 tarditas
266 1208 345 1270 eius.
372 1210 478 1271 donec
506 1229 575 1271 nox
600 1212 737 1273 interest
758 1211 849 1291 quod
873 1210 968 1273 addit
991 1212 1024 1270 in
1047 1209 1157 1290 capite
1173 1205 1254 1269 xixti
1272 1206 1304 1266 in

102 1302 237 1355 noctem
268 1314 370 1375 quam
402 1297 540 1359 adderet
571 1297 603 1360 id
636 1308 712 1378 post
741 1317 842 1377 quam
874 1297 1026 1359 uenerint
1057 1294 1138 1357 xix¹i
1169 1313 1228 1375 per
1259 1313 1305 1353 xv

101 1381 240 1461 quando
255 1391 425 1463 putaretur
440 1384 593 1445 accensio
616 1383 713 1446 lunae
736 1405 807 1446 esse
831 1386 864 1447 in
888 1383 1093 1465 plenitudine
1116 1382 1192 1444 licet
1215 1379 1305 1461 prius

100 1465 412 1548 deprehenderetur.

148 1553 321 1618 Kalendas
351 1576 468 1637 grecus
498 1577 608 1619 sermo
639 1567 689 1621 est
719 1558 777 1620 sed
817 1558 858 1620 ad
897 1556 1075 1619 colendum
1114 1556 1234 1617 dicitur
1271 1555 1304 1613 in

104 1639 255 1704 latinum.
280 1644 473 1705 uocationes
504 1644 659 1707 dicuntur
689 1644 778 1727 apud
809 1665 926 1725 grecos
956 1644 998 1706 de
1028 1643 1114 1705 kalo,
1145 1641 1305 1703 kalendas

103 1728 192 1809 apud
205 1728 328 1791 latinos
343 1730 528 1793 diriuantur
543 1732 585 1793 de
602 1751 686 1794 uoco
702 1732 902 1793 uocationes.
941 1730 1057 1793 Nonas
1072 1750 1187 1811 grecus
1197 1748 1306 1790 sermo

104 1824 155 1877 est
184 1815 274 1878 unde
304 1818 442 1881 ueniunt
473 1837 581 1880 nonae
612 1839 720 1881 nonae
751 1839 771 1881 a
801 1818 958 1881 nundinis
995 1819 1180 1880 diriuantur
1217 1815 1304 1897 apud

103 1920 227 1983 grecos.

147 1986 253 2069 Apud
288 1988 410 2052 latinos
444 2002 609 2055 mercatus
647 1991 699 2054 uel
739 1992 952 2054 mercimonia
990 1992 1146 2053 dicuntur
1184 1988 1216 2050 id
1255 1997 1305 2049 est

105 2094 222 2155 grecus
237 2096 348 2139 sermo
363 2087 414 2140 est
431 2078 462 2139 in
488 2079 627 2142 latinum
651 2079 772 2142 dicitur
798 2099 854 2140 cor
880 2078 1043 2140 mensium
1069 2077 1119 2139 uel
1146 2076 1306 2139 medietas

105 2163 279 2226 mensium.

151 2248 290 2331 Propter
304 2251 394 2333 quod
412 2262 490 2314 sunt
505 2254 594 2315 dicte
610 2252 761 2329 kalende.

151 2334 326 2401 Kalendas
350 2358 458 2401 nonus
482 2348 558 2420 post
585 2340 659 2403 idus
684 2359 801 2420 grecus
827 2359 937 2401 sermo
963 2348 1014 2402 est
1038 2347 1174 2420 propter
1201 2335 1306 2397 foetos

105 2422 177 2485 dies
201 2425 330 2487 romani
355 2426 577 2489 instituerunt.
602 2427 654 2489 uel
680 2435 816 2508 propter
841 2425 948 2488 officia
977 2426 1219 2506 magistrorum.
1268 2422 1304 2482 ln

106 2508 158 2571 his
181 2510 271 2574 enim
296 2511 414 2574 diebus
437 2514 728 2594 congregabantur
754 2514 785 2574 in
811 2513 955 2575 urbibus.
1016 2513 1163 2595 Quidam
1194 2520 1306 2571 autem

105 2594 267 2659 kalendas
282 2618 302 2660 a
317 2598 457 2661 colendo
472 2600 630 2682 appellari
646 2601 859 2662 exestimant.
875 2600 928 2662 uel
944 2620 964 2661 a
987 2600 1069 2662 calo.
1093 2598 1125 2661 id
1149 2607 1200 2660 est
1223 2616 1308 2659 uoco

106 2683 295 2767 astrologus
322 2685 465 2748 uocabat
502 2686 663 2768 populum
703 2698 739 2749 ut
777 2688 928 2749 uiderent
959 2687 1187 2748 accensionem
1230 2684 1306 2759 lune

106 2768 154 2853 lid
179 2782 231 2834 est
256 2772 386 2835 initium
412 2773 519 2855 prime
547 2773 651 2836 lunae.
669 2774 720 2836 uel
737 2773 907 2836 stellarum
924 2794 1065 2836 cursum.
1081 2792 1167 2853 quae
1183 2770 1238 2853 [so.
1257 2788 1305 2850 23.

107 2867 186 2922 ante
210 2870 270 2921 aut
285 2869 373 2923 retro
396 2870 539 2923 currunt.
562 2861 651 2941 apud
681 2870 809 2923 ueteres
839 2862 928 2922 enim
960 2861 1108 2921 omnium
1141 2859 1304 2920 mensium

106 2946 302 3028 principalia
331 2945 534 3010 colebantur.
580 2946 698 3009 Nonae
730 2958 864 3029 prepter
894 2950 982 3029 quod
1015 2948 1142 3009 dicitur.
1189 2944 1307 3007 Nonae

108 3052 127 3093 a
156 3034 315 3097 nundinis
340 3043 467 3110 uocate.
498 3035 645 3096 nundine
675 3035 764 3097 enim
796 3045 873 3096 sunt
899 3034 1049 3115 publicae
1076 3032 1306 3095 conuentionis

108 3118 140 3181 id
166 3129 219 3182 est
249 3140 270 3182 a
300 3121 534 3202 negotiatione.
559 3122 630 3183 siue
658 3122 879 3184 mercimonia.
905 3122 1052 3183 nundine
1078 3119 1307 3200 sollempnitas

107 3206 236 3269 dicitur.
251 3226 353 3288 quare
368 3208 497 3289 antiqui
514 3209 589 3270 iiii0r
605 3228 680 3271 non.
698 3208 749 3271 uel
767 3209 798 3270 vi
823 3229 896 3270 non.
921 3208 1137 3272 diuisissent?
1162 3207 1205 3267 iiii
1230 3225 1305 3266 non.

108 3292 158 3355 uel
183 3294 215 3356 vi
241 3314 316 3357 non.
343 3294 419 3357 ideo
445 3296 630 3358 diuiserunt
655 3306 691 3358 ut
716 3315 782 3357 non
808 3297 929 3359 scirent
955 3295 1099 3358 latrones
1124 3301 1305 3355 mercatum

106 3380 237 3442 illorum
262 3381 397 3462 quando
423 3402 496 3444 esse
521 3382 652 3445 debeat.
677 3384 756 3463 quia
772 3382 1022 3445 abscondebant
1037 3403 1073 3443 se
1096 3402 1154 3463 per
1176 3379 1308 3442 diuersa

106 3466 245 3530 latibula
282 3469 315 3529 in
353 3470 486 3532 secretis
523 3469 604 3531 locis
650 3471 745 3532 iuxta
791 3471 889 3531 uiam.
936 3480 969 3532 et
1007 3468 1217 3531 uenientibus
1263 3466 1305 3527 ad

108 3564 300 3617 mercatum.
338 3556 536 3618 occidebant
574 3566 607 3619 et
637 3556 835 3638 spoliabant.
881 3554 959 3637 Qua
989 3576 1089 3617 causa
1119 3555 1198 3616 dicti
1228 3563 1307 3616 sunt

106 3640 180 3703 idus
225 3661 283 3703 cor
327 3642 490 3705 mensium
536 3643 588 3705 uel
629 3644 791 3705 medietas
835 3645 1007 3705 mensium.
1071 3643 1149 3704 Idus
1194 3652 1305 3703 autem

107 3726 302 3809 plerumque
330 3728 507 3792 latinorum
535 3730 578 3792 ad
603 3731 791 3793 aedendum
817 3731 943 3793 dictum
961 3739 1087 3805 putant.
1144 3728 1243 3809 Quod
1261 3727 1307 3789 hii

106 3814 177 3877 dies
214 3816 305 3897 apud
344 3825 472 3879 ueteres
516 3817 709 3899 aepularum
755 3828 865 3879 essent
910 3816 961 3879 uel
1008 3817 1134 3897 species
1177 3815 1306 3876 mensis.

105 3902 283 3984 sequentis.
314 3903 367 3966 uel
391 3914 526 3985 propter
552 3905 700 3967 medium
729 3924 876 3966 mensem
902 3905 980 3985 quia
1008 3905 1081 3965 idus
1102 3900 1197 3975 uare't
1211 3922 1306 3983 grece

106 3988 254 4051 medium
270 3990 398 4053 dicitur.

151 4076 273 4139 Annus
282 4075 384 4140 habet
394 4098 524 4141 menses
535 4079 591 4140 xii.
604 4079 810 4141 ebdomadas
821 4078 853 4139 lii
870 4088 904 4140 et
913 4079 1001 4140 diem
1014 4085 1163 4139 unumct
1173 4075 1309 4157 quando

107 4160 276 4227 bissextus
298 4166 444 4229 euenerit
466 4166 537 4229 dies
561 4166 612 4227 iios
633 4176 666 4229 et
690 4164 791 4227 habet
808 4166 878 4247 ipse
894 4185 1001 4227 annus
1016 4165 1113 4226 horas
1130 4163 1185 4224 viii
1203 4162 1307 4224 millia

109 4248 218 4313 Dcclx
235 4260 269 4314 et
284 4249 387 4315 habet
399 4262 540 4335 punctos
557 4274 656 4315 xxxv
671 4263 705 4316 ct
725 4252 860 4334 insuper
875 4251 972 4313 horas
989 4252 1024 4313 xl
1042 4250 1146 4312 millia
1162 4260 1195 4312 et
1219 4250 1307 4330 ipsas

106 4336 219 4401 diuide
242 4336 276 4400 in
299 4349 428 4420 septem
452 4350 571 4421 partes.
594 4340 737 4422 septima
753 4359 829 4421 pars
844 4360 888 4401 ex
905 4340 985 4421 ipsis
1001 4338 1097 4400 horis.
1113 4348 1190 4399 sunt
1207 4336 1307 4397 horae

108 4424 197 4489 mille
212 4424 305 4488 cclxa
319 4436 353 4489 et
368 4426 412 4489 de
427 4426 506 4510 ipsis
522 4436 694 4490 remanent
711 4427 744 4489 iii
761 4436 859 4489 extra
874 4426 1062 4508 portionem
1086 4424 1249 4487 horarum.
1273 4432 1306 4484 et

106 4510 177 4595 ipse
192 4512 226 4575 iii
241 4512 345 4577 horae
360 4512 484 4578 iaciunt
500 4514 695 4578 bissextum.
