3038 5106
427 446 431 453 Ι
503 376 661 429 noanon
684 376 936 429 nonauoaaa.

157 530 204 595 Et
218 550 286 595 non
301 530 403 596 intres
418 532 453 595 in
468 530 635 595 iudicium.

155 616 189 681 A
205 626 302 701 porta
316 617 420 681 inseri.

156 704 246 769 Erue
260 706 404 768 domine.

654 832 777 900 Oratio.

155 964 287 1026 Partem
317 962 435 1026 beatae
465 963 709 1026 resurrectionis
739 964 896 1027 obtineat.
934 964 1104 1046 uitamque
1141 972 1309 1028 aeternam

109 1048 233 1114 habere
256 1060 419 1113 mereatur
435 1051 467 1112 in
484 1050 591 1112 caelis.
608 1069 667 1133 per
682 1060 715 1113 te
730 1051 800 1114 iesu
816 1051 937 1113 christe
958 1051 1014 1134 qui
1030 1052 1116 1114 uiuis
1131 1060 1164 1114 et
1180 1071 1308 1133 regnas.

155 1137 248 1200 Deus
275 1138 326 1201 cui
351 1138 412 1201 soli
436 1138 597 1220 competit
622 1138 820 1200 medicinam
853 1149 1020 1220 praestare
1051 1147 1126 1220 post
1157 1147 1307 1201 mortem.

108 1233 242 1306 praesta
257 1244 445 1306 quesumus.
462 1235 498 1288 ut
514 1225 660 1286 animam
677 1223 791 1287 famuli
807 1226 854 1287 tui
871 1226 1008 1288 terrenis
1023 1234 1127 1288 exuta
1136 1225 1308 1306 contagiis.

109 1311 143 1373 in
159 1319 236 1374 tuae
252 1312 491 1394 redemptionis
506 1320 600 1394 parte
616 1322 811 1375 numeretur.
828 1332 893 1393 per.

430 1398 461 1460 T
457 1418 520 1460 rinc
531 1398 669 1460 huntur
681 1409 793 1480 caipus
805 1398 957 1478 defuncti.

156 1483 270 1548 Oratio
278 1496 354 1565 post
367 1485 566 1547 laniationem
580 1485 723 1566 corporis
736 1495 912 1566 antequam
926 1484 965 1547 de
979 1485 1072 1548 domo
1087 1483 1250 1567 effaratur.

667 1655 790 1721 Oratio.

154 1778 292 1862 Suscipe
315 1781 451 1844 domine
474 1782 621 1843 animam
646 1783 730 1844 serui
756 1781 804 1844 tui
829 1802 930 1863 quam
957 1782 999 1844 de
1022 1781 1189 1863 ergastulo
1211 1780 1309 1843 huius

107 1866 230 1931 saeculi
255 1888 373 1930 uocare
399 1869 555 1949 dignatus
581 1879 681 1931 eset
707 1869 809 1931 libera
834 1888 909 1931 eum
933 1869 975 1931 de
998 1869 1200 1951 principibus
1216 1878 1306 1930 tene·

108 1954 250 2017 bramm.
263 1964 300 2017 ut
315 1954 469 2017 absoluta
492 1957 641 2017 omnium
657 1953 821 2039 suincu1a†
837 1964 1048 2036 peccatorum
1061 1957 1132 2037 qui·
1144 1953 1199 2036 [fo.
1214 1968 1308 2033 215v.

108 2041 172 2103 etis
194 2060 233 2104 ac
260 2040 341 2104 lucis
367 2052 501 2119 aeterne
529 2041 743 2105 beatitudinis
766 2042 958 2124 perfruatur.
974 2054 1009 2105 et
1025 2045 1109 2104 inter
1123 2053 1257 2105 sanctos
1272 2053 1306 2104 et

105 2127 230 2190 electos
245 2136 320 2191 tuos
335 2130 368 2190 in
385 2130 629 2191 resurrectionis
644 2129 749 2210 gloria
764 2130 949 2192 resuscitari
966 2140 1137 2191 mereatur.
1154 2149 1220 2210 per.

159 2213 190 2275 Τ
186 2235 249 2276 unc
277 2216 471 2297 responsorio
495 2214 679 2280 Subuenite
707 2217 812 2280 sancti
844 2217 897 2279 dei
928 2226 960 2278 ct
987 2216 1066 2279 alz'is
1095 2215 1304 2296 responsoriis

107 2300 330 2380 (injunctorum
345 2301 538 2382 deportatur.
554 2312 586 2364 ot
609 2324 681 2365 cum
705 2302 996 2385 adpropinquatione
1012 2303 1125 2383 fuerit
1145 2302 1308 2364 aecclesiae

107 2386 255 2463 canitur's
262 2389 390 2470 psalmi
403 2391 555 2452 miserere
572 2390 636 2452 mei
651 2390 733 2453 deus
747 2411 819 2452 cam
841 2390 1019 2471 antiphona
1041 2390 1186 2470 requiem
1203 2399 1307 2451 aeter-

109 2493 196 2537 nam.
241 2475 283 2538 In
309 2476 457 2538 aecclesia
480 2485 588 2538 autem
611 2477 780 2557 repostoscct
808 2488 919 2557 corpus
939 2476 1086 2556 distincti
1105 2474 1308 2556 quoadusquo

99 2571 163 2642 pro
191 2562 262 2624 etas
290 2562 406 2625 anima
427 2572 567 2625 canatur
594 2573 626 2625 ot
650 2562 807 2646 affantur
828 2563 869 2626 ab
892 2563 1040 2626 omnibus
1060 2561 1177 2643 quz'bas
1198 2563 1307 2625 tantan

98 2648 219 2727 fuerit.

439 2774 607 2868 incipiant
626 2787 788 2850 orationes
810 2786 962 2849 inassatas.

152 2913 232 2976 Ant.
257 2913 420 2996 Requiem
437 2924 606 2977 aeternam
622 2915 712 2977 dona
727 2915 757 2978 ei
773 2915 916 2978 domine.

151 2999 243 3063 Psal.
266 3001 315 3063 Te
331 3002 435 3064 dccet.
480 3002 570 3063 Psal.
596 3001 729 3064 Exaudi
746 3003 836 3064 deus.

153 3086 344 3170 Quesumus
370 3088 506 3151 domine
529 3098 566 3150 ut
589 3089 721 3150 animae
745 3087 859 3151 famuli
882 3088 939 3151 tui.
963 3087 1007 3150 ill.
1023 3086 1116 3150 cuius
1132 3087 1241 3150 obitus
1257 3086 1305 3149 sui

107 3174 206 3237 diem.
231 3174 276 3236 ill.
301 3195 609 3237 commemoramus
633 3184 823 3238 sanctorum
848 3186 980 3238 tuorum
1004 3184 1105 3255 atque
1128 3174 1306 3237 electorum

109 3258 237 3344 largiri†
263 3262 474 3324 consortium.
499 3272 543 3324 ct·
564 3282 670 3325 rorem
703 3262 945 3325 misericordiae
968 3271 1045 3325 tuae
1069 3260 1204 3323 infunde
1235 3281 1306 3343 per-

109 3348 262 3411 hennem.
279 3369 345 3431 per.

639 3484 778 3550 Secreta.

154 3611 285 3676 Adesto
308 3613 444 3676 domine
468 3614 765 3696 supplicationibus
794 3614 913 3677 nostris
936 3623 970 3677 et
992 3612 1078 3676 hanc
1103 3612 1306 3675 oblationem

108 3719 209 3781 quam
225 3700 286 3762 tibi
308 3700 477 3763 offerimus
504 3703 548 3763 ob
574 3702 663 3764 diem
688 3702 912 3783 depositionis
929 3700 974 3763 ill.
991 3721 1051 3782 pro
1066 3700 1179 3763 anima
1194 3699 1308 3762 famuli

108 3786 158 3850 tui
174 3786 323 3868 placidus
339 3808 378 3852 ac
394 3789 556 3870 benignus
572 3808 712 3851 assume.
729 3808 788 3871 per
802 3789 985 3852 dominum.

621 3958 803 4037 Praefatio.

153 4086 203 4150 (D
226 4095 359 4150 aeterne
375 4089 465 4151 deus.
511 4086 573 4152 Cui
600 4107 666 4150 non
690 4095 829 4170 pereunt
845 4086 1017 4150 moriendo
1032 4105 1171 4167 corpora
1187 4096 1309 4148 nostra.

108 4174 167 4236 sed
185 4184 354 4237 mutantur
370 4175 402 4237 in
419 4174 544 4238 melius.
569 4184 603 4237 et
631 4175 663 4236 in
689 4174 818 4237 timoris
834 4174 879 4237 tui
896 4173 1128 4236 obseruatione
1144 4170 1308 4235 defunctis

108 4258 201 4323 iocus
231 4272 410 4344 perpetuus
443 4261 633 4344 adquiritur.
659 4269 863 4344 quapropter
886 4260 1032 4343 piissime
1056 4267 1151 4342 pater
1174 4278 1307 4339 praeces

109 4345 276 4430 supplices
306 4347 484 4413 fundimus.
521 4358 555 4411 et
593 4348 802 4412 maiestatem
840 4356 934 4411 tuam
971 4346 1102 4410 deuotis
1140 4345 1307 4409 mentibus

109 4452 297 4499 exoramus
312 4444 350 4499 ut
363 4435 478 4498 anima
492 4434 608 4499 famuli
617 4434 675 4499 tui.
691 4434 734 4499 N.
770 4443 983 4519 peccatorum
1000 4431 1139 4497 uinculis
1154 4430 1308 4497 absoluta

108 4521 283 4585 transitum
300 4532 466 4587 mereatur
480 4520 602 4585 habere
616 4523 661 4587 ad
676 4522 790 4586 uitam.
806 4541 865 4605 per
879 4520 1046 4584 christum.
