3038 5106
359 337 468 389 XVIII.
496 338 581 388 KAL.
611 337 688 389 ocr.
717 338 853 390 EXALT.
879 340 906 389 S.
936 340 1075 393 CRUCIS.
1280 354 1325 391 ιιι

664 504 803 570 Secreta.

175 610 314 675 Hostias
329 611 465 674 domine
480 609 586 673 laudis
602 610 668 674 tuis
684 610 844 673 altaribus
860 610 1065 674 adhibemus.
1082 632 1164 693 quas
1179 611 1249 673 eius
1266 609 1326 673 tibi

128 696 329 781 patrocinia†
343 697 508 760 credimus
523 697 814 760 commendandas.
831 699 923 760 cuius
940 719 999 760 nos
1016 698 1147 761 uoluisti
1172 699 1259 761 uotis
1282 698 1325 760 ad

128 796 206 849 tuae
221 786 354 867 pietatis
370 784 540 866 peruenire
557 784 718 846 notitiam.
736 804 794 866 per
809 786 982 847 dominum
1000 795 1157 847 nostrum.

578 904 640 967 Ad
656 904 880 986 cornplendum.

172 1009 266 1071 Beati
305 1008 475 1071 audomari
513 1006 709 1069 confessoris
747 1009 794 1070 tui
841 1018 940 1089 atque
986 1008 1152 1089 pontilicis
1191 1003 1325 1071 domine

127 1095 300 1179 praecibus
324 1094 534 1158 confidentes.
566 1114 746 1176 quesumus
777 1094 986 1157 clementiam
1018 1106 1109 1158 tuam
1141 1104 1176 1157 ut
1207 1115 1264 1177 per
1286 1114 1326 1156 ea

127 1203 214 1265 quae
229 1183 438 1263 sumpsimus.
456 1191 590 1244 aeterua
606 1183 752 1244 remedia
767 1183 946 1263 capiamus.
964 1202 1030 1263 per.

151 1371 202 1420 111.
228 1357 318 1420 Inus
343 1358 445 1421 Sara
471 1358 626 1420 >luanus
651 1356 887 1420 Snacrouuu
915 1358 1028 1418 Puorr
1054 1370 1099 1417 ur
1126 1357 1303 1418 Iacm'crr.

174 1470 268 1533 Beati
285 1470 370 1551 proti
384 1490 444 1531 nos
460 1470 594 1531 domine
609 1479 642 1531 et
660 1469 790 1531 iacincti
808 1467 918 1531 foueat
935 1469 1098 1549 praetiosa
1110 1466 1280 1531 confessio.
1294 1478 1324 1528 et

129 1556 184 1639 pia
201 1558 319 1638 iugiter
340 1556 538 1618 intercessio
553 1566 692 1618 tueatur.
711 1576 769 1637 per
785 1556 965 1618 dominum.
1182 1554 1238 1637 [sn.
1260 1568 1313 1633 151

660 1674 797 1736 Secreta.

176 1778 238 1840 Pro
254 1788 443 1840 sanctorum
460 1777 546 1858 proti
563 1788 595 1840 et
613 1778 742 1839 iacincti
761 1797 897 1838 munera
913 1776 971 1838 tibi
989 1776 1124 1838 domine
1147 1796 1328 1839 commem-

129 1866 279 1927 oratione
316 1884 400 1945 quae
437 1863 598 1926 debemus
641 1864 855 1926 exsoluimus.
900 1873 1032 1944 praesta
1076 1883 1255 1943 quesumus
1293 1874 1329 1925 ut

129 1952 312 2014 remedium
330 1951 424 2013 nobis
442 1961 619 2033 perpetuae
635 1951 750 2012 salutis
766 1948 946 2031 operetur.†
961 1970 1027 2031 per.

578 2071 640 2133 Ad
657 2069 881 2151 curipalendmn.

177 2172 226 2237 Ut
247 2182 402 2253 percepta
419 2190 479 2232 nos
502 2171 636 2234 domine
660 2181 718 2234 tua
740 2180 855 2232 sancta
879 2168 1051 2250 purificent
1074 2170 1163 2232 beati
1188 2169 1274 2251 proti
1298 2179 1331 2232 et

132 2260 262 2323 iacincti
278 2278 457 2340 quesumus
474 2257 627 2339 imploret
643 2258 757 2320 oratio
775 2278 833 2338 per
848 2256 1030 2318 dominum.

266 2449 368 2499 xvru.
394 2436 483 2497 Kar.
509 2434 596 2498 Ocr.
621 2435 843 2497 Exnurnrro
868 2435 1044 2499 Snucrnu
1069 2434 1217 2499 caucis.

173 2548 266 2611 Deus
281 2549 336 2629 qui
354 2548 513 2629 unigeniti
530 2548 576 2609 tui
597 2547 723 2610 domini
740 2547 843 2608 nostri
860 2548 927 2609 iesu
952 2547 1062 2609 christi
1086 2549 1231 2628 pretioso
1253 2568 1328 2610 san-

129 2636 229 2717 guine
244 2636 425 2698 humanum
442 2655 546 2715 genus
562 2633 722 2695 redimere
743 2635 898 2714 dignatus
921 2655 964 2695 es,
988 2636 1133 2697 concede
1157 2635 1327 2716 propitius.

130 2732 167 2786 ut
182 2723 238 2804 qui
254 2723 296 2785 ad
313 2723 516 2784 adorandam
534 2719 698 2783 uiuificam
716 2740 844 2783 crucem
861 2721 1049 2783 adueniunt.
1073 2742 1094 2783 a
1117 2732 1328 2802 peccatorum

128 2829 262 2872 suorum
280 2809 422 2871 nexibus
438 2808 622 2870 liberentur.
638 2827 704 2888 per.

684 2926 773 2990 Aleia

178 3027 268 3089 Deus
298 3026 365 3107 qui¹
393 3026 552 3088 hodierna
590 3024 644 3088 die
681 3026 886 3089 exaltatione
918 3035 1052 3089 sanctae
1085 3028 1188 3090 crucis
1219 3048 1329 3090 annua

130 3114 377 3195 sollempnitate
401 3111 566 3175 laetificas.
597 3122 729 3194 praesta
759 3124 795 3176 ut
825 3114 916 3175 cuius
949 3115 1143 3194 mysterium
1179 3116 1209 3176 in
1244 3125 1329 3177 terra

130 3201 356 3282 cognouimus.
373 3200 442 3262 eius
459 3200 695 3281 redemptionis
712 3201 858 3281 praemia
880 3202 1035 3282 consequi
1053 3221 1244 3264 mereamur.
1262 3222 1327 3284 per.

665 3318 802 3382 Secreta.

175 3420 326 3483 Deuotas
342 3419 476 3481 domine
496 3418 691 3481 humilitatis
708 3427 839 3481 nostrae
856 3439 989 3499 praeces
1005 3429 1038 3482 et
1054 3419 1187 3482 hostias.
1206 3421 1329 3482 miseri-

130 3509 262 3571 cordiae
278 3517 355 3570 tuae
370 3507 545 3587 praecedat
562 3504 731 3567 auxilium.
748 3516 781 3567 et
804 3505 944 3567 salutern
968 3525 1067 3587 quarn
1092 3528 1149 3588 per
1173 3508 1271 3569 adam
1296 3508 1328 3569 in

130 3596 297 3677 paradyso
308 3593 387 3675 ligni
401 3592 561 3655 clauserat
577 3601 739 3655 temerata
754 3593 988 3674 praesumptio.
1006 3592 1084 3675 ligni
1103 3613 1229 3655 rursum
1247 3592 1329 3657 fides

131 3682 265 3763 aperiat.
282 3701 347 3763 per.

640 3789 822 3869 Praefatio.

176 3891 226 3954 (D
257 3910 316 3972 per
346 3889 504 3952 christum
535 3888 707 3951 dominum
746 3899 905 3952 nostrum.
951 3887 1017 3971 Qui
1049 3910 1107 3971 per
1137 3890 1324 3971 passionem

131 3978 236 4041 crucis
252 3977 413 4040 mundum
437 3977 577 4039 redemit
593 3985 626 4039 et
642 3977 777 4057 antique
793 3975 918 4038 arboris
933 3976 1175 4039 amarissimum
1191 3988 1325 4058 gustum

130 4065 235 4127 crucis
254 4064 474 4127 medicamine
490 4062 680 4126 indulcauit.
699 4072 906 4144 mortemque
921 4083 1006 4144 quae
1021 4083 1080 4145 per
1100 4064 1226 4146 lignum
1243 4067 1326 4128 ueti-

130 4160 202 4214 tum
233 4160 377 4214 uenerat.
407 4170 466 4233 per
496 4150 575 4232 ligni
613 4148 788 4231 tropheum
819 4149 950 4212 deuicit.
997 4149 1045 4213 Ut
1076 4152 1216 4214 mirabili
1247 4172 1325 4216 suae

131 4238 265 4320 pietatis
282 4237 537 4320 dispensatione.
560 4236 616 4317 qui
640 4256 698 4317 per
720 4236 800 4318 ligni
823 4246 957 4317 gustum
981 4236 1131 4317 florigera
1158 4238 1237 4301 sede
1257 4240 1322 4301 dis-

128 4344 357 4388 scesseramus.
373 4344 433 4407 per
443 4324 547 4387 crucis
564 4323 690 4405 lignum
703 4322 745 4386 ad
761 4323 917 4406 paradysi
932 4322 1056 4407 gaudia
1068 4325 1250 4387 redeamus.
1267 4345 1326 4407 per

127 4430 238 4497 quem.

583 4506 593 4541 ²
609 4510 662 4563 Nos
672 4510 778 4564 omitted
788 4512 815 4563 ln
827 4510 884 4563 MS.
1134 4590 1155 4640 Ρ

1177 4594 1197 4641 2
