3038 5106
515 333 631 384 HEBD.
662 334 716 384 III.
746 330 903 397 QUAM·
934 335 1050 386 FERIA
1083 334 1125 386 Vt
1230 396 1233 401 ⁵

669 528 794 612 [Super
797 529 990 613 populum.¹]

264 641 418 706 Concede
433 661 614 725 quesumus
631 643 844 723 omnipotens
860 641 943 705 deus
966 650 1004 705 ut
1026 642 1083 724 qui
1106 640 1321 725 protectionis
1346 650 1426 704 tuae

219 730 360 812 gratiam
376 731 574 810 quaerimus.
592 728 721 793 liberati
746 751 766 793 a
790 729 887 792 malis
910 729 1065 793 omnibus
1089 749 1203 792 secura
1225 730 1286 792 tibi
1309 739 1426 792 mente

220 817 411 880 seruiamus.
429 836 488 898 per
504 816 688 879 dominum.
704 879 707 885 ,

737 979 853 1043 Fama
865 979 907 1044 V.

265 1114 460 1197 Magnificet
483 1124 516 1179 te
537 1116 673 1179 domine
697 1126 887 1180 sanctorum
910 1127 1042 1179 tuorum
1065 1135 1199 1179 cosmae
1222 1124 1254 1178 et
1273 1113 1423 1177 damiani

220 1201 439 1283 sollemptas.†
461 1203 539 1284 quia
565 1213 598 1266 et
623 1203 686 1265 illis
713 1203 853 1285 gloriam
880 1205 1125 1285 sempiternam.
1142 1212 1175 1265 et
1202 1222 1301 1284 opem
1326 1202 1425 1263 nobis

221 1287 378 1352 ineflabili
395 1291 604 1372 prouidentia
620 1291 797 1354 contulisti.
814 1311 873 1372 per
884 1291 1057 1354 dominum
1074 1300 1232 1353 nostrum.

757 1426 894 1491 Secreta.

267 1538 307 1599 In
345 1547 477 1600 tuorum
516 1538 650 1602 domine
684 1539 850 1621 praetiosa
887 1547 994 1602 morte
1024 1538 1194 1601 iustorum.
1225 1533 1424 1599 sacrificium

222 1624 302 1687 illud
332 1624 508 1689 offerimus.
525 1627 567 1688 de
591 1646 659 1709 quo
689 1628 884 1709 martyrium
916 1627 1058 1708 sumpsit
1084 1645 1183 1688 omne
1213 1623 1426 1706 principium.

223 1732 289 1793 per.

712 1816 892 1897 Praefatio.

266 1928 315 1989 (D
332 1936 464 1989 aeterne
493 1929 584 1991 deus.
630 1928 676 1991 Et
706 1938 797 1991 tuam
822 1930 1020 1993 immensam
1047 1927 1258 1991 clementiam
1282 1925 1426 2009 supplici

224 2022 304 2076 uoto
334 2013 521 2096 deposcere.
552 2023 588 2077 ut
619 2035 679 2078 nos
710 2015 851 2079 famulos
882 2027 957 2080 tuos
987 2024 1020 2079 et
1051 2016 1161 2078 ieiunii
1200 2015 1426 2076 maceratione

222 2100 410 2181 castigatos.
427 2111 460 2163 et
482 2103 620 2164 caeteris
644 2103 805 2165 bonorum
829 2123 966 2185 operum
990 2101 1252 2165 exhibitionibus
1275 2101 1425 2163 eruditos

224 2188 255 2249 in
288 2188 455 2250 mandatis
486 2189 550 2250 tuis
581 2188 682 2251 iacias
713 2209 923 2270 perseuerare
953 2191 1097 2252 sinceros
1123 2199 1157 2251 et
1182 2187 1224 2250 ad
1253 2186 1425 2268 paschalia

223 2274 307 2336 sesta
337 2275 500 2355 peruenit²
530 2276 679 2338 inlaesos.
741 2276 863 2358 Sicque
900 2277 1128 2359 praesentibus
1159 2274 1313 2338 subsidiis
1345 2293 1424 2336 con·

222 2360 374 2424 solemur.
405 2363 561 2442 quatinus
598 2364 640 2425 ad
679 2372 814 2426 aeterna
843 2364 967 2445 gaudia
1004 2364 1191 2445 pertingere
1230 2381 1423 2424 mereamur.

223 2468 282 2529 per
297 2446 456 2511 christum
472 2450 645 2512 dominum
663 2460 822 2513 nostrum.

671 2587 732 2649 Ad
749 2586 975 2669 complendum.

266 2696 317 2761 Sit
344 2696 438 2759 nobis
468 2699 604 2760 domine
634 2701 831 2762 sacramenti
863 2701 910 2763 tui
940 2709 1030 2762 certa
1055 2699 1204 2762 saluati0.
1229 2719 1315 2780 quae
1346 2719 1420 2761 curn

222 2784 394 2847 beatorum
413 2796 595 2866 martyrum
612 2796 744 2849 tuorum
761 2807 894 2850 cosmae
910 2797 944 2849 et
959 2787 1104 2849 damiani
1122 2787 1247 2850 meritis
1267 2787 1422 2869 implora-

221 2883 280 2934 tur.
298 2891 365 2953 per.

686 2975 794 3058 Super
798 2976 963 3058 populum.

264 3085 458 3150 Subiectum
489 3087 550 3150 tibi
580 3088 741 3170 populum
766 3110 946 3171 quesumus
973 3089 1108 3152 domine
1134 3089 1327 3171 propitiatio
1350 3111 1421 3152 cae-

219 3174 310 3236 lestis
340 3173 527 3256 amplificet.
559 3186 592 3237 et
622 3177 687 3238 tuis
717 3197 848 3258 semper
878 3175 977 3239 saciat
1007 3179 1129 3239 seruire
1159 3177 1335 3241 mandatis.
1365 3198 1422 3260 per

219 3261 391 3323 dominum
409 3273 566 3324 nostrum.

710 3430 845 3515 (Fanni
868 3431 929 3494 VI.
1278 3431 1334 3513 [lo.
1354 3448 1422 3512 soe.

265 3543 390 3605 Ieiunia
415 3552 528 3605 nostra
547 3564 728 3625 quesumus
753 3545 887 3607 domine
912 3544 1057 3626 benigno
1083 3543 1195 3606 fauore
1214 3565 1420 3626 prosequere.

220 3640 257 3693 ut
272 3631 356 3692 sicut
372 3629 415 3692 ab
430 3630 598 3693 alimentis
614 3632 646 3692 in
663 3651 808 3713 corpore.
825 3633 871 3694 ita
895 3652 915 3693 a
937 3633 1027 3693 uitiis
1049 3631 1233 3694 ieiunemus
1250 3633 1283 3693 in
1300 3642 1419 3695 mente.

219 3737 286 3798 per.

756 3822 894 3886 Secreta.

263 3931 404 4014 Respice
420 3931 555 3995 domine
571 3934 733 4015 propitius
750 3936 792 3997 ad
811 3954 946 3997 munera
967 3953 1054 4015 quae
1069 3954 1245 3997 sacramus
1258 3944 1296 3997 ut
1310 3943 1346 3998 et
1362 3934 1421 3997 tibi

219 4030 313 4101 grata
328 4021 402 4082 sint.
418 4030 452 4082 et
468 4019 564 4082 nobis
580 4021 737 4084 salutaria
752 4041 883 4103 semper
899 4021 1054 4083 existant.
1072 4041 1137 4103 per.

730 4158 910 4239 Praefatio.

262 4270 311 4331 ff)
343 4289 401 4351 per
427 4268 586 4332 christum
614 4269 789 4333 dominum
815 4279 975 4333 nostrum.
1021 4268 1088 4351 Qui
1116 4270 1158 4333 ad
1183 4270 1420 4334 insinuandum

217 4356 412 4420 humilitatis
428 4376 507 4419 suae
524 4357 718 4439 mysterium
743 4356 903 4438 fatigatus
926 4356 1048 4420 resedit
1063 4357 1105 4419 ad
1122 4367 1269 4438 puteum.
1317 4358 1420 4442 Quia

381 4514 388 4547 ¹
407 4518 525 4585 Heading
536 4520 641 4571 omitted
655 4521 680 4571 in
694 4521 751 4572 MS.
1015 4514 1026 4549 ²
1043 4520 1093 4569 For
1100 4522 1242 4585 pcmnr're.
