3038 5106
382 342 429 395 ΙΝ
453 342 530 394 CAI’.
561 342 715 394 IEIUNII.
763 343 878 393 FERIA
903 344 972 394 IIII.
1253 345 1283 394 61

452 556 692 621 Bauamcno
715 569 903 620 cruauuu.

120 688 346 771 Omnipotens
372 690 574 771 sempiterne
605 690 687 751 deus
719 710 817 772 parce
848 690 1079 753 metuentibus
1106 691 1284 774 propitiare

73 775 289 859 supplicibus.
306 785 339 838 et
356 777 487 839 mittere
502 777 641 856 dignare
657 788 810 839 sanctum
827 779 982 859 angelum
1007 787 1100 841 tuum
1117 779 1159 841 de
1176 778 1283 841 caelis.

73 865 133 945 qui
158 861 350 937 benedicetl
374 872 407 925 et
430 862 613 926 sanctificet
635 864 761 926 cineres
788 865 875 926 istos
900 875 937 927 ut
962 866 1029 928 sint
1052 866 1233 928 remedium
1250 876 1283 927 et

73 950 208 1014 salubre
245 950 399 1012 omnibus
437 970 559 1013 nomen
600 959 695 1013 tuum
733 948 902 1014 humiliter
946 952 1206 1034 implorantibus
1246 972 1284 1013 ac

73 1038 275 1120 semetipsos
312 1058 374 1119 pro
411 1038 614 1099 conscientia
651 1037 847 1100 delictorum
879 1059 1012 1100 suorum
1044 1040 1284 1101 accusantibus.

74 1135 177 1205 atque
194 1125 226 1186 in
243 1134 422 1205 conspectu
439 1123 571 1186 diuinae
587 1123 783 1186 clementiae
806 1133 883 1187 tuae
907 1125 1051 1188 facinora
1074 1146 1134 1187 sua
1157 1126 1286 1207 deplor-

76 1211 219 1275 antibus.
236 1212 289 1274 uel
310 1211 554 1273 serenissimam
579 1212 738 1293 pietatem
763 1221 854 1273 tuam
879 1212 1071 1293 suppliciter
1093 1213 1284 1294 obnixeque

77 1296 305 1379 flagitantibus
343 1307 475 1380 praesta
504 1317 684 1378 quesumus
721 1318 780 1380 per
809 1299 1053 1362 inuocationem
1085 1300 1283 1362 sanctissimi

76 1385 221 1448 nominis
244 1386 301 1447 tui.
318 1395 354 1447 ut
376 1384 576 1466 quicumque
592 1405 648 1446 eos
665 1405 763 1466 super
778 1405 814 1447 se
829 1388 1027 1466 asperserint
1050 1407 1111 1467 pro
1133 1388 1284 1466 redemp-

77 1472 169 1534 tione
185 1480 404 1553 peccatorum.
421 1472 568 1554 corporis
583 1472 761 1534 sanitatem
778 1481 812 1534 et
828 1473 960 1536 animae
983 1473 1121 1536 tutelam
1146 1474 1283 1557 percipi-

77 1568 144 1623 ant.
160 1578 220 1643 per
234 1558 417 1621 dominum.

636 1670 728 1733 Alia.

125 1790 218 1855 Deus
233 1790 289 1873 qui
306 1790 535 1853 humiliatione
552 1789 699 1853 flecteris
716 1800 749 1852 et
765 1791 989 1854 satisfactione
1005 1792 1152 1874 placaris.
1170 1813 1282 1854 aurern

81 1888 157 1943 tuac
187 1879 322 1960 pietatis
352 1877 474 1940 inclina
504 1878 677 1959 praecibus
704 1879 832 1940 nostris.
858 1889 891 1941 et
921 1880 1085 1960 capitibus
1114 1900 1283 1942 seruorum

81 1976 212 2029 tuorum
231 1968 315 2027 lianc
338 1966 467 2045 cyneris
490 1963 687 2027 infusionem
712 1964 845 2027 effunde
867 1967 1008 2047 gratiam
1033 1976 1109 2029 tuae
1132 1966 1284 2028 benedic-

80 2053 187 2116 tionis.
203 2061 238 2114 et
252 2071 311 2114 eos
326 2052 442 2135 spiritu
452 2052 717 2134 compunctionis
728 2051 866 2133 repleas,
879 2063 911 2114 et
924 2073 1009 2134 quae
1025 2051 1145 2136 liustae
1161 2053 1219 2135 [fo.
1231 2070 1285 2120 A2.

82 2138 329 2221 postulauerint.
342 2137 518 2202 efficaciter
543 2139 676 2201 tribuas.
697 2149 730 2201 et
748 2159 905 2201 concessa
925 2151 1086 2222 perpetua
1104 2140 1286 2204 stabilitate

83 2246 216 2290 manere
231 2235 307 2289 acta
321 2225 489 2290 decernas.
504 2246 562 2308 per
577 2226 749 2289 dominum
767 2237 925 2290 nostrum.

593 2467 711 2530 Fatua
731 2468 814 2531 llll.

128 2636 286 2703 Concede
308 2636 404 2700 nobis
429 2634 565 2698 domine
590 2634 757 2716 praesidia
781 2633 919 2696 militiae
942 2633 1140 2698 christianae
1163 2637 1287 2698 sanctis

87 2724 243 2789 inchoare
267 2725 403 2788 ieiuniis.
420 2734 456 2786 ut
472 2732 588 2786 contra
604 2721 769 2804 spiritales
792 2722 957 2804 nequitias
980 2723 1158 2805 pugnaturi
1183 2725 1286 2787 conti-

87 2812 220 2876 nentiae
235 2813 426 2875 muniamur
441 2809 584 2873 auxiliis.
604 2828 671 2891 per.

637 2959 730 3023 Alia.

130 3082 269 3147 Praesta
322 3081 459 3144 domine
507 3079 659 3143 fidelibus
698 3080 770 3141 tuis.
802 3089 839 3142 ut
870 3079 1065 3143 ieiuniorum
1096 3082 1287 3144 ueneranda

88 3169 294 3252 sollempnia.
324 3178 357 3231 et
379 3187 527 3251 congrua
556 3168 681 3251 pietate
703 3168 894 3249 suscipiant.
917 3177 951 3231 et
973 3188 1087 3231 secura
1110 3171 1289 3232 deuotione

89 3266 290 3341 percurrant.
309 3276 377 3339 per.

618 3402 756 3468 Secreta.

132 3518 200 3581 Fac
216 3538 279 3581 nos
293 3536 474 3599 quesumus
497 3514 633 3578 domine
656 3515 707 3578 his
732 3516 922 3579 muneribus
945 3517 1122 3582 offerendis
1145 3539 1288 3582 conuen-

90 3604 193 3670 ienter
221 3604 338 3687 aptari.
360 3602 481 3685 quibus
504 3603 606 3685 ipsius
637 3604 834 3666 uenerabilis
857 3608 1053 3668 sacramenti
1085 3606 1289 3670 celebramus

91 3694 276 3757 exordium.

595 3802 779 3882 Praefatio.

134 3920 184 3985 (D
222 3926 358 3981 aeterne
395 3914 486 3978 deus.
532 3912 599 3997 Qui
629 3916 793 3995 corporali
825 3916 947 3979 ieiunio
978 3918 1059 3981 uitia
1089 3921 1288 4000 comprimis.

17 4018 20 4027 '
95 4017 238 4070 mentem
275 4003 396 4067 eleuas
434 4003 591 4066 uirtutem
623 4001 750 4084 largiris
788 4012 822 4065 et
851 4006 1007 4085 praemia.
1042 4027 1101 4088 per
1130 4007 1288 4070 christum

95 4093 265 4157 dominum
283 4101 442 4154 nostrum.

537 4216 600 4280 Ad
609 4215 834 4298 complendum.

136 4334 299 4416 Percepta
327 4327 424 4394 nobis
445 4327 584 4393 domine
606 4329 787 4411 praebeant
810 4341 1018 4395 sacramenta
1041 4332 1233 4396 subsidium.
1254 4346 1291 4397 ut

97 4430 128 4485 et
140 4420 201 4487 tibi
216 4426 315 4505 grata
328 4418 395 4482 sint
410 4426 525 4482 nostra
546 4415 675 4481 ieiunia.
691 4426 725 4479 et
740 4416 836 4481 nobis
859 4418 1033 4500 proficiant
1049 4422 1092 4484 ad
1116 4422 1291 4485 medelam.

98 4528 158 4593 pef-
