3038 5106
368 342 396 393 V.
426 342 516 393 NON.
546 342 627 393 MAI.
659 341 817 394 INUENT.
846 341 876 394 S.
908 340 1048 393 CRUCIS.
1259 352 1304 405 173

635 536 772 601 Secreta.

149 648 289 711 Hostias
315 658 446 711 nostras
470 668 651 730 quesumus
673 648 808 711 domine
824 658 958 710 sanctus
974 647 1126 730 pontifex
1142 647 1304 712 iuuenalis

96 736 231 799 nomini
268 745 327 799 tuo
358 736 478 798 reddat
511 747 674 818 acceptas.
708 735 850 817 quietas¹
882 735 940 797 tibi
971 736 1073 817 digne
1102 734 1304 817 complacuit

95 820 317 897 offerendas.†
331 842 391 905 per
404 822 577 886 dominum
595 832 753 886 nostrum.

558 976 620 1039 Ad
629 976 854 1057 conplendum.

147 1087 244 1151 Laeti
274 1088 410 1151 domine
440 1088 642 1170 sumpsimus
679 1096 888 1151 sacramenta
918 1086 1080 1150 caelestia.
1111 1107 1177 1169 que
1207 1088 1303 1150 nobis

99 1175 331 1238 intercedente
364 1174 465 1238 beato
497 1176 649 1238 iuuenale
686 1173 874 1237 consessore
905 1183 963 1236 tuo
1001 1183 1101 1254 atque
1138 1173 1302 1255 pontifice.

98 1262 235 1326 uberius
251 1260 448 1326 confidimus
464 1262 643 1344 profutura
659 1282 725 1345 per.

293 1504 431 1569 Eoursu
457 1505 530 1567 Dus
555 1503 1118 1569 quam1osmcmncnuc1s.

149 1631 242 1695 Deus
266 1634 323 1714 qui
349 1633 382 1696 in
408 1634 576 1716 praeclara
599 1633 766 1696 salutifere
790 1633 894 1696 crucis
922 1632 1115 1695 inuentione
1140 1632 1302 1714 passionis

101 1728 184 1782 tuae
200 1719 358 1783 miracula
373 1721 548 1784 suscitasti.
565 1722 712 1783 concede
727 1731 763 1783 ut
779 1720 889 1782 uitalis
901 1718 1007 1800 ligno†
1022 1720 1158 1801 praetio.
1170 1729 1304 1798 aeterne

103 1806 196 1869 uitae
211 1805 368 1889 suffragia
383 1827 632 1889 consequamur.
649 1828 707 1889 per
722 1808 896 1870 dominum
912 1815 1070 1870 nostrum.

634 1966 770 2029 Secreta.

150 2074 356 2141 Sacrificium
372 2078 508 2140 domine
530 2080 620 2160 quod
645 2078 856 2140 immolamus
880 2076 1030 2158 placatus
1049 2077 1192 2139 intende.
1209 2085 1246 2139 ut
1261 2076 1305 2139 ab

103 2163 263 2227 omnibus
279 2174 383 2227 exuat
396 2165 557 2227 bellorum
573 2166 735 2246 nequitiis.
749 2175 782 2227 et
798 2185 857 2246 per
872 2164 1034 2227 uexillum
1050 2174 1185 2226 sanctae
1200 2165 1304 2226 crucis

105 2248 164 2314 lilii
191 2252 248 2314 tui.
275 2251 318 2314 ad
346 2250 579 2331 coniterendas
603 2252 778 2333 potestatis
801 2252 960 2313 aduersae
985 2251 1130 2314 insidias.
1158 2248 1215 2335 [so.
1236 2267 1303 2330 124

104 2356 168 2400 nos
182 2338 216 2400 in
232 2348 310 2401 tuae
325 2339 541 2420 protectionis
556 2340 732 2402 securitate
747 2339 937 2402 constituat.
953 2357 1019 2419 per.

617 2500 797 2580 Praefatio.

150 2612 200 2677 ff)
225 2622 359 2675 aeterne
383 2612 474 2675 deus,
521 2608 742 2695 Prae[ci²]pue
772 2611 805 2671 in
833 2609 887 2672 die
918 2610 981 2671 ista
1012 2610 1043 2671 in
1075 2630 1141 2691 qua
1171 2609 1229 2673 lilii
1256 2612 1304 2674 tui

105 2699 268 2781 unigeniti
284 2720 304 2761 a
321 2699 447 2762 iudaeis
462 2700 615 2762 abditum
639 2699 820 2779 gloriosum
846 2697 1020 2759 inuentum
1041 2705 1091 2758 est
1118 2697 1303 2779 tropheum.

104 2786 162 2869 qui
178 2785 375 2867 protoplasti
393 2786 518 2849 lacinus
531 2806 589 2867 per
605 2785 684 2867 ligni
701 2785 795 2847 uetiti
811 2794 957 2865 gustum.
973 2784 1119 2845 humano
1136 2785 1167 2845 in
1184 2805 1305 2865 genere

103 2872 285 2937 diriuatum
301 2872 425 2935 deleuit
440 2894 479 2935 ac
495 2892 554 2954 per
568 2874 655 2935 idem
673 2872 798 2953 lignum
810 2872 914 2934 crucis
930 2871 1026 2932 simul
1043 2891 1176 2952 quoquc
1192 2881 1306 2935 nostra

104 2978 218 3023 secum
235 2957 376 3022 christus
399 2958 519 3023 adfixit
534 2958 663 3022 delicta
710 2958 813 3022 Cuius
836 2969 955 3039 typum
972 2959 1065 3039 uirga
1088 2961 1201 3021 tenuit.
1218 2979 1305 3040 quae

104 3058 139 3111 et
153 3056 325 3129 separatas
349 3048 501 3128 aequoris
527 3045 641 3108 undas.
658 3056 691 3108 et
716 3047 805 3109 uiam
830 3044 955 3126 populo
971 3045 1078 3126 moysi
1095 3047 1305 3127 praeparauit

102 3152 286 3197 saecuram.
342 3134 403 3195 Per
433 3134 526 3197 cuius
557 3152 690 3214 quoque
716 3132 877 3194 umbram.
908 3152 1025 3213 aspera
1056 3152 1143 3194 mors
1174 3133 1305 3214 populis

102 3220 196 3303 ligno
225 3220 370 3283 deducta
399 3220 548 3284 cucurrit.
605 3220 643 3281 ln
681 3239 749 3301 quo
785 3219 934 3300 pendens
971 3218 1162 3300 redemptor
1199 3220 1305 3282 factus

105 3306 332 3371 maledictum.
359 3316 397 3369 ut
423 3306 484 3389 [ai]
509 3305 686 3370 maledicto
712 3326 774 3368 nos
797 3306 937 3386 eriperet
962 3304 1053 3387 legis,
1098 3304 1200 3369 Cuius
1225 3307 1304 3387 ligni

104 3394 274 3475 mysteriis
301 3393 421 3457 saluari
451 3394 616 3459 credimus
653 3412 777 3456 omnes.
809 3402 845 3455 ut
883 3412 958 3454 cum
990 3392 1145 3454 omnibus
1182 3394 1304 3456 sanctis

104 3481 410 3563 compraehendere
435 3481 614 3544 ualeamus.
640 3500 726 3561 quae
748 3479 791 3541 sit
814 3479 964 3541 latitudo.
980 3478 1162 3560 longitudo.
1179 3491 1212 3543 et
1228 3482 1304 3544 sub-

105 3566 231 3631 limitas
246 3577 280 3631 et
296 3568 505 3650 profundum.
554 3568 592 3629 ln
619 3567 738 3649 quibus
761 3565 942 3647 gloriamur
965 3564 1108 3628 iustitiae
1131 3568 1231 3629 armis
1247 3588 1306 3649 per

103 3674 207 3737 quam
232 3655 328 3717 nobis
351 3653 529 3718 crucifixus
556 3664 606 3717 est
632 3654 783 3717 mundus.
800 3662 833 3714 et
850 3673 910 3715 nos
933 3651 1155 3733 crucifigimur
1179 3654 1304 3717 mundo

104 3761 173 3824 quo
199 3740 297 3823 signo
329 3742 452 3804 inimici
476 3742 629 3824 pellimus
659 3741 733 3803 tela.
764 3748 949 3821 cunctaque
979 3740 1087 3801 iacula
1116 3741 1305 3803 calliditatis

104 3826 299 3903 sulubriteri
320 3829 544 3892 extrudentes.
563 3827 713 3910 expediti
736 3826 954 3908 compedibus
977 3826 1040 3890 hoc
1063 3827 1169 3889 fronte
1194 3838 1306 3890 nostra

107 3914 242 3979 ierimus
278 3914 420 3997 signum.
488 3914 599 3978 Huius
635 3913 741 3977 tutela
778 3912 902 3977 conlisi.
940 3913 1056 3975 callem
1094 3914 1306 3995 aggredimur

105 4010 250 4067 tenuem.
267 4022 327 4085 per
340 4022 440 4085 quem
456 4003 498 4065 de
513 4012 658 4067 torrente
673 4003 706 4063 in
722 4002 777 4064 uia
792 4000 876 4063 bibit
896 4000 1048 4063 saluator.
1065 4012 1201 4082 propter
1215 4001 1304 4083 quod

106 4088 250 4153 multum
266 4109 287 4152 a
301 4090 396 4152 terris
408 4088 441 4151 in
457 4090 598 4154 dextera
613 4098 670 4152 tua
687 4097 835 4151 nostrum
846 4087 947 4150 subiit
962 4096 1073 4169 caput.
1089 4097 1123 4151 et
1138 4088 1213 4151 ideo
1229 4108 1305 4151 cum

104 4176 241 4259 angelis.

236 4392 245 4425 ¹
262 4394 299 4447 So
309 4394 367 4447 MS.
380 4394 420 4445 ior
429 4396 477 4461 με·
484 4410 533 4445 eas.

233 4458 246 4493 ³
261 4460 360 4511 Lutea
369 4460 475 4511 omitted
485 4460 513 4511 in
524 4460 581 4513 MS.

234 4524 248 4559 ⁸
261 4526 326 4577 This
338 4526 408 4577 word
418 4526 465 4577 lm
474 4526 539 4579 been
549 4526 642 4587 added,
654 4526 763 4592 perhaps
772 4524 806 4589 by
817 4524 861 4575 the
870 4522 976 4589 original
988 4522 1076 4573 scribe.
