3038 5106
230 337 276 389 134
437 326 582 378 MENSIS
602 326 662 377 VII.
682 326 785 378 SABB.
805 325 854 377 IN
865 327 931 377 ΧΗ.
951 325 1215 381 LECTIONIBUSi

516 495 688 562 Snunnro
711 509 754 561 ru
777 496 859 561 XII.
883 496 1149 563 Lacriouruus.

272 606 496 690 Omnipotens
516 609 716 692 sempiterne
738 609 821 671 deus
845 609 903 691 qui
919 630 978 693 per
991 611 1232 674 continentiam
1247 609 1438 674 salutarem

226 705 260 758 et
287 696 478 778 corporibus
504 694 661 779 [mederis
687 706 722 758 et
746 696 913 759 mentibus
938 698 1146 761 maiestatem
1174 711 1266 761 tuam
1292 697 1366 779 [iol.
1383 701 1436 778 96.

227 783 393 865 supplices
417 803 603 845 exoramus.
620 791 656 846 ut
673 784 728 864 pia
754 783 970 847 ieiunantium
997 784 1253 867 depraecatione
1268 785 1435 866 placatus.

226 880 260 931 et
288 871 474 951 praesentia
501 870 596 932 nobis
619 868 768 933 subsidia
794 869 954 953 praebeas
978 880 1012 934 et
1039 870 1157 935 sutura.
1174 892 1232 954 per
1253 873 1434 935 dominum

226 967 384 1020 nostrum.

780 1076 871 1140 Alaetz.

270 1180 324 1242 Da
341 1179 436 1243 nobis
459 1200 639 1263 quesumus
663 1181 875 1263 omnipotens
902 1181 983 1243 deus
999 1189 1036 1244 ut
1053 1181 1230 1245 ieiunando
1248 1188 1309 1245 tua
1324 1182 1437 1264 gratia

217 1268 392 1331 satiemur.
408 1278 442 1331 et
457 1267 657 1330 abstinendo
681 1269 807 1331 cunctis
832 1267 1013 1331 efficiamur
1029 1268 1179 1332 hostibus
1196 1269 1358 1333 fortiores.
1377 1291 1437 1354 per

227 1355 400 1417 dominum
418 1365 575 1418 nostrum.

781 1475 871 1538 Alia.

269 1577 378 1641 Tuere
400 1598 580 1660 quesumus
610 1577 745 1642 domine
775 1578 935 1642 familiam
965 1589 1067 1642 tuam.
1093 1590 1129 1643 ut
1155 1580 1272 1644 salutis
1296 1591 1435 1659 aeterne

226 1667 372 1815 remgdia
384 1685 472 1765 quae
489 1677 521 1729 te
537 1666 705 1748 aspirante
726 1667 930 1748 requirimus.
946 1676 979 1730 te
996 1668 1156 1750 largiente
1177 1689 1434 1751 consequamur.

227 1773 286 1835 per
324 1773 483 1816 ominum.

780 1874 872 1937 Alia.

273 1979 407 2041 Praesta
443 1997 624 2059 quesumus
661 1976 796 2041 domine
834 1979 880 2040 sic
918 1998 979 2040 nos
1016 1977 1060 2040 ab
1096 1977 1224 2061 aepulis
1262 1978 1436 2043 abstinere

226 2065 420 2128 carnalibus.
437 2076 473 2127 ut
489 2086 509 2127 a
524 2066 614 2127 uitiis
636 2085 770 2147 quoque
793 2065 999 2128 inruentibus
1016 2065 1139 2147 pariter
1162 2066 1358 2129 ieiunemus.
1376 2087 1436 2149 per

227 2154 399 2216 dominum
416 2162 574 2214 nostrum.

781 2262 872 2327 Alia.

272 2367 321 2432 Ut
351 2388 412 2430 nos
442 2367 577 2430 domine
604 2366 719 2430 tribuis
749 2365 934 2449 sollempne
958 2366 1018 2430 tibi
1043 2364 1170 2430 deferre
1197 2366 1359 2430 ieiunium
1387 2368 1434 2430 sic

228 2456 324 2518 nobis
339 2475 519 2536 quesumus
536 2454 761 2534 indulgentiae
777 2464 855 2517 tuae
871 2464 1003 2536 praesta
1018 2455 1211 2516 subsidium.
1229 2475 1296 2536 per.

718 2591 780 2652 Ad
791 2590 934 2654 missam.

274 2697 366 2759 Deus
396 2695 451 2776 qui
483 2694 587 2758 tribus
610 2695 718 2776 pueris
743 2695 902 2776 mitigasti
936 2693 1087 2756 flammas
1118 2692 1254 2776 ignium.
1286 2697 1437 2758 concede

229 2783 400 2865 propitius.
418 2793 453 2843 ut
470 2802 530 2843 nos
546 2781 688 2844 famulos
711 2792 786 2845 tuos
810 2801 876 2842 non
901 2792 1021 2844 exurat
1040 2780 1175 2844 flamma
1191 2782 1358 2844 uitiorum.
1377 2803 1436 2865 per

229 2869 402 2932 dominum
419 2879 576 2931 nostrum.

766 2987 902 3051 Secreta.

276 3088 430 3152 Concede
446 3108 625 3168 quesumus
648 3088 859 3170 omnipotens
875 3089 965 3151 deus.
982 3096 1019 3150 ut
1037 3086 1140 3150 oculis
1155 3095 1233 3149 tuae
1250 3088 1438 3150 maiestatis

233 3196 353 3238 munus
368 3175 527 3238 oblatum.
538 3185 571 3236 et
580 3176 721 3255 gratiam
739 3175 833 3237 nobis
850 3175 1038 3238 deuotionis
1053 3175 1212 3236 obtineat.
1227 3184 1262 3238 et
1277 3174 1437 3238 effectum

233 3265 351 3325 beatae
368 3263 583 3344 perennitatis
599 3263 759 3342 adquirat.
778 3282 836 3344 per
850 3263 1021 3324 dominum
1040 3272 1198 3323 nostrum.

739 3381 920 3461 Praefatio.

280 3487 329 3549 (i)
353 3493 486 3547 aeterne
512 3484 603 3547 deus.
650 3485 696 3548 Et
720 3485 779 3548 tibi
805 3485 1010 3548 sanctificare
1035 3484 1192 3547 ieiunium
1207 3485 1299 3566 quod
1317 3505 1378 3547 nos
1395 3486 1440 3547 ob

235 3572 499 3635 aedificationem
530 3574 714 3634 animarum
746 3583 779 3634 et
809 3574 1060 3653 castigationem
1100 3592 1274 3653 corporum
1305 3592 1440 3634 seruare

235 3661 385 3723 docuisti.
432 3659 520 3741 Quia
546 3660 702 3721 restrictis
727 3660 918 3741 corporibus
942 3661 1073 3721 animae
1096 3662 1297 3740 saginantur.
1314 3660 1347 3721 in
1372 3679 1441 3740 quo

237 3747 338 3809 homo
369 3757 480 3808 noster
509 3745 671 3826 affligitur.
702 3747 855 3808 exterior.
887 3746 1045 3809 dilatatur
1082 3744 1240 3828 interior]
1271 3744 1341 3826 [sol.
1365 3747 1440 3824 96v.

239 3834 412 3896 Memento
441 3853 621 3914 quesumus
645 3833 780 3896 domine
804 3834 998 3895 ieiuniorum
1031 3843 1227 3894 nostrorum.
1255 3842 1287 3894 et
1314 3833 1438 3894 miseri·

238 3921 423 3983 cordiarum
449 3931 579 3983 tuarum
607 3940 689 4001 quas
715 3919 942 4002 peccatoribus
968 3922 1042 4002 piae
1066 3940 1197 4001 semper
1212 3919 1439 3981 ieiunantibus

238 4007 416 4069 contulisti.
432 4017 465 4068 et
482 4017 614 4089 praesta
637 4018 673 4070 ut
696 4027 762 4069 non
786 4007 892 4068 solum
910 4028 930 4068 a
945 4006 1038 4086 cybis
1062 4008 1119 4068 sed
1135 4027 1155 4067 a
1171 4007 1316 4087 peccatis
1332 4008 1439 4067 omni·

239 4097 300 4157 bus
317 4095 528 4156 abstinentes
545 4095 732 4156 deuotionis
749 4094 808 4156 tibi
826 4094 947 4155 ieiunio
962 4093 1162 4175 placeamus.
1179 4113 1238 4174 per
1254 4093 1423 4155 christum.

691 4213 753 4276 Ad
762 4211 988 4293 complendum.

285 4317 459 4381 Perficiant
483 4318 515 4379 in
543 4317 638 4380 nobis
664 4318 799 4380 domine
828 4336 1008 4398 quesumus
1034 4324 1092 4378 tua
1117 4325 1326 4379 sacramenta
1350 4317 1438 4399 quod

239 4406 419 4470 continent.
433 4415 469 4469 ut
478 4424 564 4486 quae
575 4425 661 4468 nunc
673 4405 803 4486 speciae
815 4403 970 4486 gerimus.
982 4423 1090 4466 rerum
1107 4404 1248 4466 ueritate
1260 4404 1439 4485 capiamus.

237 4512 303 4576 per.
