3038 5106
472 366 521 418 IN
545 369 592 418 OC
595 369 641 418 ΤΑ
647 370 719 421 UAS
748 368 1004 419 THEOPHANIA.

643 589 835 673 Praefatio..

179 715 230 779 ff)
242 722 397 779 aeternae
408 714 499 778 deus.
533 712 622 796 Quia
632 726 747 778 notam
765 714 869 779 fecisti
887 715 918 777 in
936 714 1067 798 populis
1080 714 1338 777 misericordiam

134 812 228 865 tuam
244 813 278 865 et
293 802 437 865 salutare
453 812 547 865 tuum
571 804 699 865 cunctis
722 803 877 884 gentibus
899 801 1082 865 declarasti.
1130 802 1339 865 Hodiernum

134 890 261 971 eligens
276 890 366 952 diem
383 891 415 951 in
431 910 499 971 qua
514 890 557 951 ad
573 887 777 952 adorandam
794 891 862 951 ueri
879 890 964 970 regis
981 888 1153 952 infantiam
1174 890 1340 951 excitatos

135 977 179 1039 de
195 977 330 1039 remotis
345 975 494 1059 partibus
510 996 626 1057 magos
642 975 760 1040 clarior
774 977 912 1039 caeteris
927 977 1089 1040 sideribus
1104 976 1200 1038 stella
1223 976 1342 1056 perclu-

135 1074 232 1126 ceret
254 1072 288 1125 et
312 1063 394 1126 caeli
419 1083 457 1125 ac
482 1072 587 1125 terrae
603 1064 776 1127 dominum
793 1063 1007 1145 corporaliter
1022 1073 1137 1126 natum
1154 1063 1246 1126 radio
1261 1081 1342 1125 suae

135 1150 219 1213 lucis
233 1150 433 1214 ostenderet.
449 1160 483 1213 et
499 1150 583 1213 ideo.

598 1306 701 1386 Infra
715 1305 879 1371 actionem.

181 1430 477 1495 communicantes
515 1438 549 1494 et
586 1431 676 1493 diem
714 1432 974 1494 sacratissimum
1012 1431 1237 1495 caelebrantes
1274 1450 1341 1512 quo

134 1520 325 1601 unigenitus
355 1532 432 1581 tuus
464 1518 496 1579 in
528 1526 586 1579 tua
617 1529 727 1580 tecum
762 1520 868 1599 gloria
897 1528 1091 1581 coaeternus
1130 1520 1161 1580 in
1203 1519 1341 1581 ueritate

137 1608 245 1669 carnis
261 1616 393 1668 nostrae
409 1604 581 1668 uisibiliter
595 1605 775 1687 corporalis
791 1607 952 1688 apparuit.
999 1605 1066 1669 Sed
1090 1616 1124 1668 et
1147 1607 1339 1668 memoriam

138 1704 343 1757 uenerantes.

591 1803 654 1866 Ad
663 1804 891 1885 complendam.

182 1915 318 1978 Praesta
332 1934 513 1997 quesumus
529 1914 665 1977 domine
681 1917 763 1978 deus
779 1926 815 1978 ut
831 1936 916 1997 quae
939 1915 1113 1998 sollempni
1138 1916 1342 1979 celebramus

138 2002 254 2153 qfficio.
271 2001 464 2087 purificatae
480 2002 601 2065 mentis
624 2003 844 2085 intelligentia
860 2002 1123 2087 cons‘sequamur.
1139 2024 1198 2087 per
1220 2003 1275 2086 [so
1293 2006 1341 2084 38.

162 2109 320 2154 ominum.

605 2200 713 2282 Super
717 2201 882 2283 populum.

184 2314 351 2377 lnlumina
379 2312 516 2376 domine
552 2332 732 2394 quesumus
766 2315 926 2396 populum
966 2322 1059 2376 tuum
1096 2323 1130 2377 et
1168 2314 1343 2396 splendore

138 2401 263 2483 gloriae
290 2413 367 2464 tuae
392 2420 450 2463 cor
471 2401 542 2463 eius
565 2420 698 2481 semper
723 2402 875 2463 accende.
903 2409 940 2462 ut
964 2402 1163 2463 saluatorem
1188 2422 1283 2464 suum
1309 2412 1342 2465 et

139 2490 341 2551 incessanter
362 2498 531 2569 agnoscat
546 2497 580 2550 et
599 2489 760 2549 ueraciter
780 2488 1038 2570 adpraehendat.
1056 2489 1159 2550 iesum
1182 2490 1341 2552 christum

138 2575 310 2640 dominum
328 2586 487 2638 nostrum.

475 2786 520 2847 IN
545 2782 721 2849 Ocrsuns
744 2784 1009 2850 Tuaoermnm.

182 2926 276 2991 Deus
298 2928 392 2992 cuius
414 2927 606 3009 unigenitus
630 2927 662 2989 in
687 2926 874 2989 substantia
898 2938 1029 2989 nostrae
1053 2927 1158 2989 carnis
1182 2928 1342 3009 apparuit.

138 3026 271 3097 praesta
294 3035 474 3098 quesumus
491 3025 526 3078 ut
542 3034 601 3095 per
616 3034 693 3076 eum
710 3033 810 3095 quem
827 3014 968 3077 similem
985 3014 1081 3077 nobis
1104 3014 1182 3077 foris
1205 3016 1341 3097 agnoui-

140 3123 222 3167 mus.
239 3104 328 3167 intus
344 3102 513 3165 reformari
531 3121 724 3164 mereamur.
741 3122 808 3184 per.

665 3258 803 3324 Secreta.

183 3371 322 3435 Hostias
344 3370 405 3433 tibi
430 3371 566 3433 domine
589 3391 650 3452 pro
674 3372 744 3433 nati
771 3372 819 3434 tui
843 3362 900 3433 lilii
924 3372 1132 3454 apparitione
1154 3373 1341 3435 descrimus.

137 3458 331 3541 suppliciter
366 3468 554 3521 exorantes.
593 3469 629 3521 ut
666 3459 751 3520 sicut
796 3468 984 3521 nostrorum
1032 3460 1102 3541 ipse
1139 3472 1255 3523 auctor
1291 3474 1342 3524 est

138 3565 312 3611 munerum
328 3546 376 3609 ita
391 3546 462 3627 ipse
476 3546 520 3608 sit
536 3546 719 3608 misericors
736 3556 769 3607 et
785 3558 964 3628 susceptor.
981 3547 1068 3608 iesus
1083 3547 1232 3610 christus.

642 3696 823 3777 Praefatae.

182 3820 232 3885 d)
256 3828 390 3883 aeterne
413 3818 505 3882 deus.
549 3816 640 3900 Quia
665 3840 740 3881 cum
772 3819 961 3900 unigenitus
991 3829 1068 3881 tuus
1095 3818 1128 3881 in
1155 3819 1342 3884 substantia

139 3917 271 3970 nostrae
287 3905 499 3969 mortalitatis
514 3907 677 3988 apparuit.
689 3908 721 3968 in
735 3926 823 3969 noua
833 3926 893 3969 nos
910 3906 1171 3969 immortalitatis
1180 3927 1259 3969 suae
1270 3907 1342 3971 luce

138 3994 312 4077 reparauit.
356 3992 402 4057 Et
418 3994 494 4057 ideo
508 4013 584 4056 cum
601 3992 736 4075 angelis.

587 4149 619 4212 Α
623 4150 650 4212 d
659 4147 886 4230 complendum.

182 4260 326 4329 Caelesti
363 4264 489 4329 lumine
519 4285 700 4347 quesumus
730 4266 865 4329 domine
894 4285 1027 4347 semper
1056 4275 1089 4328 et
1127 4266 1249 4347 ubique
1281 4286 1341 4327 nos

140 4352 351 4435 praelientur
367 4354 572 4435 mysterium.
583 4354 675 4415 cuius
691 4373 752 4415 nos
768 4353 944 4434 participes
960 4373 1032 4415 esse
1048 4352 1190 4416 uoluisti.
1207 4365 1241 4416 et
1258 4373 1342 4435 puro

139 4458 315 4503 cernamus
344 4440 473 4505 intuitu.
497 4448 532 4503 et
555 4440 660 4523 digno
685 4440 906 4523 percipiamus
930 4438 1058 4504 effectu.
1084 4460 1143 4522 per
1166 4441 1341 4504 dominum

141 4534 300 4591 nostrum.
