3038 5106
160 344 206 405 156
408 339 482 390 VIII.
513 340 598 391 ΚΑΙ..
629 340 711 391 FEB.
743 340 829 391 ΝΑΤ.
860 341 887 391 S.
919 340 1105 393 PROIECTI.

606 533 668 597 Ad
685 535 911 616 complendum.

205 645 330 727 iugiter
360 667 421 710 nos
451 647 587 709 domine
614 657 804 710 sanctorum
831 658 962 710 tuorum
995 655 1073 709 uota
1105 643 1297 708 laetificent.
1328 654 1361 706 et

160 734 342 882 patrpcinia
353 734 448 796 nobis
460 745 642 816 martyrum
655 734 802 816 ipsorum
815 754 946 816 semper
958 732 1155 796 festiuitates
1167 731 1360 795 exhibeant.

158 840 217 902 per
255 840 413 885 ommum.

302 1060 379 1109 vm.
405 1047 495 1110 KAL.
522 1047 630 1110 Funu.
656 1046 876 1110 Couunusro
901 1044 1043 1109 Snucm
1069 1044 1195 1107 Pnum.

205 1173 296 1236 Deus
315 1176 370 1255 qui
397 1176 586 1238 uniuersum
614 1175 774 1237 mundum
792 1173 895 1257 lbeati
909 1173 998 1256 pauli
1022 1172 1164 1254 apostoli
1189 1169 1247 1256 [fo.
1271 1188 1360 1233 111v.

160 1261 406 1341 praedicatione
422 1263 572 1325 docuisti.
589 1263 633 1324 da
649 1262 744 1324 nobis
759 1281 941 1342 quesumus
956 1271 993 1324 ut
1007 1261 1065 1341 qui
1077 1261 1147 1322 eius
1163 1259 1266 1322 hodie
1281 1277 1361 1320 con·

159 1348 343 1409 uersionem
361 1349 508 1412 colimus.
526 1370 584 1431 per
599 1350 668 1411 eius
684 1349 726 1411 ad
743 1358 776 1411 te
792 1348 949 1430 exempla
964 1348 1163 1429 gradiamur.
1179 1366 1250 1427 per.

690 1504 827 1567 Secreta.

203 1611 358 1695 Apostoli
374 1615 421 1677 tui
438 1614 527 1697 pauli
546 1614 717 1696 praecibus
733 1615 868 1678 domine
895 1612 1001 1695 plebis
1026 1623 1104 1676 tuae
1130 1613 1220 1674 dona
1237 1609 1361 1673 sancti·

159 1696 255 1763 ficet¹
272 1711 308 1763 ut
333 1721 418 1782 quae
446 1702 505 1764 tibi
530 1712 590 1764 tuo
605 1711 700 1783 grata
716 1711 793 1764 sunt
810 1701 971 1764 instituto,
988 1700 1132 1782 gratiora
1147 1697 1230 1760 fiant
1247 1707 1361 1779 patro·

157 1787 244 1848 cinio
260 1789 484 1870 supplicantis.
501 1809 567 1871 per.

674 1941 854 2020 Praefatio

200 2055 249 2117 (θ
273 2065 406 2117 aeterne
428 2055 520 2117 deus.
568 2054 614 2117 Et
638 2055 846 2116 maiestatem
874 2064 966 2117 tuam
990 2052 1183 2134 suppliciter
1206 2070 1359 2114 exorare.

157 2150 193 2202 ut
218 2140 411 2203 aecclesiam
443 2151 535 2204 tuam
572 2140 659 2203 beati
694 2141 783 2223 pauli
815 2139 999 2223 apost[ol²]i
1029 2140 1077 2202 tui
1108 2137 1358 2220 praedicatione

156 2224 293 2300 edocta†
324 2227 415 2289 nulla
445 2229 533 2289 sinas
565 2227 694 2290 fallacia
724 2227 847 2290 uiolari.
894 2227 939 2291 Et
976 2227 1061 2289 sicut
1099 2225 1180 2287 nihil
1212 2225 1246 2286 in
1278 2244 1358 2287 uera

157 2314 314 2395 religione
340 2334 473 2377 manere
499 2315 682 2377 dinoscitur
705 2315 795 2397 quod
823 2335 889 2377 non
907 2315 976 2377 eius
992 2312 1154 2376 condierit
1169 2310 1359 2393 disciplina

155 2401 202 2462 ita
229 2403 271 2464 ad
295 2402 484 2482 peragenda
499 2421 539 2463 ea
554 2421 640 2483 quae
656 2401 768 2464 docuit
783 2401 853 2464 eius
868 2400 1008 2464 obtentu
1024 2399 1176 2464 fidelibus
1191 2398 1360 2461 tribuatur

156 2486 308 2550 efficacia.
356 2487 466 2570 Quem
505 2488 604 2551 hodie
641 2509 701 2551 uas
739 2487 863 2550 sactum
902 2487 1072 2550 electionis
1096 2487 1296 2569 magistrum
1321 2493 1355 2547 et

154 2576 324 2638 doctorem
341 2576 490 2655 gentium
508 2575 733 2638 uocandarum
750 2583 880 2637 mutato
896 2576 1030 2637 nomine
1045 2573 1226 2637 collocasti.
1272 2571 1357 2635 Sen-

155 2663 281 2742 tiatque
312 2663 515 2724 credentium
547 2663 695 2743 gentium
728 2661 914 2724 multitudo.
947 2682 1022 2724 eum
1054 2681 1113 2742 pro
1143 2681 1179 2722 sc
1204 2660 1296 2741 apud
1323 2670 1356 2721 te

155 2749 402 2811 intercessorem
419 2770 517 2830 quem
535 2749 656 2811 habere
671 2750 828 2830 cognouit
846 2749 1039 2829 magistrum
1056 2757 1157 2828 atque
1173 2747 1356 2808 doctorem.

154 2856 212 2916 per
230 2836 398 2899 christum.

606 2989 668 3052 Ad
677 2990 902 3070 complendmn.

196 3101 332 3163 Satiasti
349 3121 409 3162 nos
425 3101 559 3164 domine
575 3100 710 3164 salutari
728 3102 895 3182 mysterio.
911 3120 1091 3181 quesumus
1108 3110 1145 3162 ut
1169 3119 1230 3183 pro
1254 3103 1354 3165 nobis

152 3188 221 3248 eius
238 3208 303 3249 non
331 3188 416 3249 desit
447 3188 560 3250 oratio
588 3189 680 3251 cuius
705 3188 837 3251 donasti
865 3187 1048 3269 patrocinio
1078 3187 1265 3268 gubernari.
1296 3209 1355 3271 per

151 3274 324 3336 dominum
341 3285 499 3336 nostrum.

626 3423 689 3485 Ad
700 3435 872 3505 uesperum.

198 3535 330 3596 Praesta
347 3534 471 3617 populo
487 3544 546 3597 tuo
562 3535 696 3598 domine
711 3556 891 3616 quesumus
914 3536 1150 3599 consolationis
1177 3539 1355 3605 auxilium.

150 3633 184 3683 et
208 3622 370 3683 diuturnis
386 3620 631 3684 calamitatibus
655 3621 887 3696 loborantem.†
903 3624 991 3685 beati
1016 3623 1159 3705 apostoli
1184 3625 1233 3687 tui
1259 3626 1353 3708 pauli

152 3709 393 3770 intercessione.
410 3729 428 3771 a
445 3710 572 3771 cunctis
589 3708 856 3772 tribulationibus
872 3730 948 3772 crue
965 3711 1134 3791 propitius.
1152 3731 1218 3792 per.

440 3936 577 3998 Eouuu
603 3936 675 3997 Dm
700 3935 841 3999 §nucu
867 3933 1053 3998 Pnouzcn.

195 4064 350 4145 lllartyris
360 4064 407 4125 tui
426 4064 560 4145 proiecti
573 4085 633 4125 nos
649 4083 829 4144 quesumus
842 4064 976 4125 domine
990 4065 1189 4127 interueutio
1201 4067 1349 4148 gloriosa

148 4150 367 4213 commendet.
385 4161 422 4213 ut
437 4152 526 4231 quod
545 4152 664 4213 nostris
680 4149 808 4212 actibus
825 4169 890 4210 non
904 4170 1075 4213 meremur.
1092 4153 1164 4213 eius
1175 4155 1352 4235 praecibus

148 4248 413 4318 lconsequamur.
431 4258 488 4319 per
504 4237 676 4300 dominum
694 4246 851 4298 nostrum.
1203 4237 1260 4324 [so
1283 4258 1342 4305 112

576 4433 584 4465 ¹
602 4438 651 4486 For
661 4436 792 4501 sanctifica.

574 4497 585 4532 ¹
600 4503 711 4567 Syllable
721 4500 825 4551 omitted
836 4501 862 4550 in
876 4500 931 4553 MS.
