3038 5106
552 348 842 398 cinomanna.
1267 363 1299 411 ⁴7

92 498 271 580 Stephano
288 498 418 563 Mathia
437 498 592 563 Barnaba
616 498 750 580 Ignatio
767 496 965 560 Alexandro
982 497 1176 561 Marcellino
1201 500 1298 561 Petro

93 584 271 649 Felicitate
294 586 457 669 Perpetua
486 585 626 668 Agatha
656 586 760 649 Lucia
790 583 912 666 Agnae
944 584 1086 648 Caecilia
1117 586 1299 648 Anastasia

91 672 365 755 Aetheldrythae
392 673 586 739 Geretrudis
616 682 650 735 et
676 692 752 734 cum
784 670 939 734 omnibus
970 673 1092 735 sanctis
1121 674 1186 735 tuis
1212 674 1298 736 intra

92 779 237 841 quorum
256 781 316 823 nos
331 762 534 823 consortium
551 780 617 822 non
634 760 828 822 aestimator
844 759 951 821 meriti
977 760 1035 821 sed
1059 760 1156 837 uenic
1179 781 1298 842 quesu-

92 866 170 910 mus
186 846 325 929 largitor
339 847 487 911 admitte
504 866 563 929 per
577 846 744 909 christum.

143 934 204 997 i’er
218 955 320 1016 quem
332 934 414 997 haec
429 934 541 997 omnia
556 934 692 995 domine
704 953 836 1014 semper
852 934 939 995 bona
955 953 1046 994 creas
1065 946 1094 1002 ÷
1111 933 1299 997 sanctificas

100 1032 132 1089 ÷
148 1020 300 1085 uiuificas
320 1031 350 1090 ÷
372 1021 547 1084 benedicis.
558 1030 592 1082 et
608 1029 756 1101 praestas
774 1019 869 1082 nobis
885 1040 943 1101 per
957 1021 1065 1101 ipsum
1083 1030 1207 1083 etcum
1225 1022 1298 1104 ipso

93 1118 130 1171 et
146 1109 179 1171 in
196 1110 270 1191 ipso
284 1120 336 1171 est
352 1107 411 1171 tibi
424 1108 488 1170 deo
503 1108 588 1189 patri
600 1107 822 1188 omnipotenti
839 1107 871 1168 in
883 1107 1012 1179 unitate
1033 1108 1169 1189 spiritus
1192 1110 1297 1172 sancti

94 1196 207 1258 omnis
222 1195 377 1258 honoret
393 1194 506 1276 gioria.

143 1283 204 1346 Per
218 1283 333 1345 omnia
348 1281 481 1345 saecula
495 1280 710 1344 saeculorum.
758 1280 878 1342 Amen.

619 1435 770 1499 Orcrnus

142 1548 332 1631 Praeceptis
362 1547 561 1611 salutaribus
592 1548 709 1610 moniti
741 1556 774 1610 et
806 1546 920 1609 diuina
958 1546 1103 1631 institui
1137 1547 1192 1630 [io.
1228 1568 1298 1630 29v.

97 1636 188 1698 tione
212 1634 344 1697 formati
361 1635 522 1697 audemus
540 1634 657 1696 dicere.

143 1723 242 1786 Pater
280 1732 392 1784 noster
421 1723 477 1803 qui
516 1742 552 1783 es
583 1722 615 1783 in
646 1720 746 1782 caelis
777 1718 1000 1783 sanctificetur
1038 1741 1160 1785 nomen
1192 1732 1296 1786 tuum.

100 1808 272 1872 Adueniat
295 1828 431 1889 regnum
457 1817 560 1871 tuum.
607 1808 682 1870 Fiat
706 1807 861 1869 uoluntas
877 1817 934 1870 tua
949 1808 1034 1870 sicut
1059 1809 1091 1871 in
1108 1810 1201 1872 caelo
1215 1820 1249 1873 et
1266 1812 1298 1874 in

98 1906 192 1959 terra
240 1896 363 1958 Panem
389 1906 539 1957 nostrum
566 1895 771 1957 cotidianum
798 1893 955 1957 danobis
978 1894 1077 1957 hodie
1104 1906 1138 1959 et
1168 1898 1299 1961 dimitte

99 1982 195 2046 nobis
210 1982 324 2046 debita
345 1992 458 2045 nostra
480 1983 564 2044 sicut
587 1991 621 2044 et
637 2002 698 2043 nos
720 1981 919 2044 dimittimus
942 1981 1147 2044 debitoribus
1171 1986 1299 2048 nostris.

101 2070 146 2133 Et
172 2089 215 2131 ne
242 2090 303 2131 nos
327 2068 465 2132 inducas
488 2070 521 2131 in
548 2069 815 2151 temptationem.
854 2068 921 2132 Sed
949 2067 1052 2132 libera
1080 2090 1139 2132 nos
1166 2071 1297 2135 amalo.

99 2156 220 2219 Arnen.

144 2242 266 2307 Libera
288 2262 350 2305 nos
371 2262 551 2325 quesumus
582 2242 717 2305 domine
744 2241 788 2304 ab
817 2241 971 2305 omnibus
994 2242 1090 2305 maiis
1116 2246 1299 2324 praeteritis

99 2328 329 2413 praesentibus
346 2339 378 2393 et
395 2329 521 2392 suturis.
538 2338 573 2393 et
584 2328 810 2391 intercedente
833 2326 931 2390 beata
945 2339 979 2390 et
1002 2329 1146 2410 gloriosa
1168 2352 1300 2414 semper

99 2418 228 2499 uirgine
243 2417 298 2480 dei
312 2417 480 2499 genetrice
492 2416 596 2478 maria
611 2426 645 2478 et
660 2414 767 2478 beatis
783 2415 942 2496 apostolis
958 2417 1022 2478 tuis
1039 2426 1133 2497 petro
1143 2428 1177 2480 et
1200 2419 1300 2499 paulo

99 2514 200 2587 atque
215 2504 340 2566 andrea
358 2522 433 2566 cum
457 2502 613 2565 omnibus
636 2503 760 2565 sanctis
783 2502 856 2565 tuis.
880 2503 923 2564 da
946 2503 1109 2584 propitius
1132 2525 1248 2585 pacem
1265 2507 1298 2568 in

99 2591 217 2655 diebus
233 2591 354 2653 nostris
370 2601 407 2652 ut
421 2610 487 2672 ope
497 2590 740 2652 misericordiae
752 2598 829 2651 tuae
841 2588 954 2650 adiuti.
966 2598 1000 2651 et
1015 2610 1035 2650 a
1047 2602 1184 2670 peccato
1196 2592 1300 2655 simus

99 2697 231 2761 semper
254 2678 356 2741 liberi.
379 2687 412 2741 et
443 2676 486 2741 ab
515 2677 607 2739 omni
631 2676 880 2758 perturbatione
910 2676 1022 2738 securi.
1045 2697 1104 2757 per
1126 2678 1298 2742 dominum

101 2775 252 2828 nostrum
276 2765 380 2827 iesum
403 2764 564 2828 christum
588 2762 693 2827 filium
717 2773 810 2825 tuum
827 2762 884 2843 qui
902 2771 1011 2825 tecum
1028 2764 1112 2826 uiuit
1127 2775 1160 2827 et
1184 2777 1299 2848 regnat

100 2852 183 2915 deus
210 2852 244 2915 in
268 2852 395 2915 unitate
417 2849 553 2935 spiritu†
575 2851 681 2913 sancti
704 2869 764 2933 per
785 2850 899 2912 omnia
929 2849 1061 2912 saccula
1084 2852 1298 2916 sacculorum.

102 2937 223 3001 Amen.

146 3026 219 3089 Pax
235 3025 363 3089 domini
378 3026 422 3089 sit
437 3044 568 3107 semper
590 3023 772 3087 uobiscum.
818 3024 864 3087 Et
878 3043 954 3085 cum
971 3024 1087 3104 spiritu
1103 3034 1169 3088 tu0.

145 3112 267 3195 Agnus
283 3113 336 3175 dei
352 3113 409 3194 qui
424 3112 514 3175 tollis
527 3121 663 3192 peccata
678 3110 792 3174 mundi
810 3112 963 3172 miserere
979 3111 1082 3173 nobis.

145 3198 250 3282 [¹Hec
281 3209 491 3262 sacrosancta
513 3197 712 3261 commixtio
741 3198 888 3278 corporis
924 3208 958 3259 et
981 3199 1150 3279 sanguinis
1173 3201 1299 3263 domini

103 3286 206 3349 nostri
223 3288 291 3349 iesu
308 3286 421 3349 christi
433 3285 490 3348 fiat
507 3284 606 3347 michi
623 3284 821 3347 etomnibus
837 3284 1044 3347 sumentibus
1067 3285 1156 3348 salus
1181 3290 1300 3350 mentis

101 3373 313 3455 etcorporis.
336 3373 435 3435 etad
465 3373 570 3435 uitam
601 3372 838 3453 capessendam
869 3380 1017 3433 eternam
1040 3372 1084 3434 sit
1113 3375 1301 3454 preparatio

103 3458 266 3523 salutaris.
312 3459 434 3522 Arnen.

145 3546 309 3629 lDomine
329 3556 444 3609 sancte
481 3554 575 3627 pater
597 3545 809 3625 omnipotens
833 3555 945 3620 eterne
968 3545 1057 3608 deus.
1085 3545 1128 3607 da
1159 3546 1214 3628 [so
1252 3565 1300 3627 30.

105 3634 185 3697 mihi
225 3633 289 3697 hoc
318 3644 565 3696 sacrosanctum
588 3652 709 3714 corpus
732 3641 765 3694 et
795 3632 991 3712 sanguinem
1015 3631 1071 3694 filii
1096 3634 1142 3696 tui
1174 3635 1300 3697 domini

105 3720 208 3783 nostri
235 3721 304 3783 iesu
335 3718 447 3783 christi
479 3720 524 3781 ita
554 3719 656 3797 digne
686 3738 823 3780 sumere.
855 3728 891 3781 ut
925 3738 1110 3781 mercamur
1149 3742 1207 3803 per
1237 3722 1300 3784 hoc

104 3808 331 3869 remissionem
343 3806 492 3869 omnium
509 3816 720 3888 peccatorum
738 3814 925 3868 nostrorum
949 3807 1105 3888 accipere.
1121 3817 1155 3871 et
1178 3809 1220 3871 de
1243 3819 1301 3873 tuo

103 3904 221 3957 sancto
235 3894 352 3976 spiritu
368 3894 494 3977 repleri.
511 3894 589 3975 quia
604 3904 640 3955 tu
657 3914 692 3954 es
708 3893 790 3954 deus
813 3891 902 3954 solus
918 3905 951 3954 et
974 3904 1104 3973 praeter
1119 3904 1152 3957 te
1169 3916 1234 3958 non
1251 3908 1302 3958 est

103 3980 194 4043 alius
219 3982 312 4043 cuius
334 4000 472 4063 regnum
495 3991 529 4044 et
553 3980 727 4061 imperium
758 3979 828 4041 sine
852 3977 917 4041 fine
939 3995 1111 4061 permanet
1135 3983 1166 4043 in
1191 3982 1302 4045 secula

103 4067 298 4131 seculorum.
344 4067 464 4130 Amen.

148 4154 296 4218 Domine
326 4154 395 4217 iesu
421 4153 542 4217 christe
572 4152 617 4217 fili
648 4154 702 4217 dei
733 4154 810 4216 uiui.
836 4152 961 4233 quiex
994 4152 1166 4217 uoluntate
1189 4156 1301 4237 patris.

103 4250 305 4325 cooperante
320 4242 436 4324 spiritu
452 4250 569 4304 sancto
585 4262 644 4324 per
656 4251 797 4304 mortem
814 4249 907 4303 tuam
933 4243 1095 4303 mundum
1119 4242 1300 4308 uiuificasti.

137 4400 146 4433 ¹
161 4402 219 4453 The
230 4402 329 4467 portion
340 4402 366 4454 in
378 4401 494 4453 brackets
505 4401 526 4451 is
536 4402 618 4451 added
635 4403 669 4467 by
685 4402 790 4451 another
806 4402 855 4450 and
873 4401 955 4450 rather
972 4402 1034 4450 later
1050 4401 1125 4451 hand.
1161 4403 1216 4452 The
1228 4404 1304 4455 lower

105 4476 159 4533 part
170 4468 201 4517 oi
213 4468 257 4519 the
269 4478 336 4519 recto
345 4468 396 4517 end
413 4468 457 4518 the
468 4467 551 4517 whole
564 4467 593 4517 oi
607 4468 649 4517 the
666 4484 738 4517 verso
753 4465 783 4515 oi
797 4466 829 4516 io.
850 4478 882 4529 30
898 4482 940 4517 are
958 4466 1044 4527 blank,
1063 4467 1105 4517 the
1122 4468 1258 4533 I’ruprr'rmr
1274 4472 1303 4519 de

103 4542 210 4599 tempm
220 4532 356 4599 beginning
366 4548 401 4583 on
411 4532 447 4583 t'o.
462 4544 502 4597 31.
