3038 5106
394 345 466 395 ORA
473 344 499 395 Τ
494 344 610 395 IONES
625 344 680 393 DE
695 344 750 393 Al)
757 343 862 393 VENT
862 342 889 393 U
900 342 1052 393 DOMINI.
1279 354 1324 405 143

117 514 304 579 quesumus
318 495 379 560 tibi
395 495 536 579 placitos
560 495 685 559 reddat.
702 502 740 557 ut
765 513 841 557 curn
869 492 976 557 fructu
1002 494 1164 557 bonorum
1184 513 1322 576 operum

116 584 165 647 ad
190 603 291 665 regna
312 581 469 646 caelestia
493 582 687 645 introducat.
735 580 784 645 Ut
807 582 955 663 parando
979 582 1011 642 in
1035 580 1189 644 cordibus
1203 583 1325 645 nostris

119 672 213 734 uiam
230 670 375 733 domino,
392 669 583 751 fructusque
599 670 718 750 dignos
735 668 937 750 penitentiae
954 667 1105 730 iaciendo
1121 689 1181 750 per
1195 670 1324 751 praedi-

118 758 288 819 cationem
328 756 479 819 iohannIs
516 757 785 837 obtemperemus
830 756 965 817 monitis
1002 756 1104 818 nostri
1142 756 1317 819 saluatoris

122 844 247 926 Sicque
276 844 510 926 perueniamus
537 863 596 924 per
620 841 722 905 filium
754 842 874 905 sterilis
904 842 946 904 ad
972 840 1075 905 filium
1099 842 1243 924 uirginis.
1267 863 1326 924 per

121 930 301 994 iohannem
336 929 506 993 hominem
544 949 702 1011 magnum
726 929 769 992 ad
792 930 948 992 eumdem
971 930 1143 992 dominum
1176 938 1324 991 nostrum

122 1018 295 1080 hominem
311 1017 420 1080 deum.
468 1015 533 1099 Qui
561 1017 645 1078 sicut
669 1016 759 1078 uenit
777 1017 818 1078 ad
837 1036 896 1078 nos
913 1014 1153 1090 redimentum†
1167 1016 1324 1078 occultus.

124 1106 174 1168 ita
190 1103 343 1167 iustificet
359 1124 434 1167 cum
451 1105 494 1166 ad
511 1104 723 1166 iudicandum
748 1104 876 1166 uenerit
900 1103 1101 1167 manifestus.
1149 1104 1210 1167 Per
1225 1122 1324 1185 quem

124 1191 334 1255 maiestatem
351 1202 453 1253 tuam.

589 1327 652 1390 Ad
661 1327 886 1408 conpelcndum.

172 1440 322 1523 Sumptis
339 1440 531 1503 muneribus
554 1440 688 1501 domine
714 1459 904 1521 quesumus.
921 1448 958 1500 ut
973 1458 1048 1500 curn
1066 1438 1327 1518 frequentatione

126 1530 284 1611 mysterii.
301 1538 426 1591 crescat
443 1537 574 1589 nostrae
590 1525 706 1588 salutis
721 1525 867 1589 effectus.
884 1545 943 1607 per
957 1525 1140 1590 dominum.

303 1711 426 1773 Amne
450 1706 671 1771 Ounrrouus
696 1720 745 1769 ue
769 1706 962 1771 Annuuru
989 1708 1147 1771 Donum.

173 1842 279 1921 Prope
304 1848 376 1902 esto
402 1837 537 1899 dominc
563 1835 718 1898 omnibus
744 1836 1000 1916 expectantibus
1024 1846 1056 1898 tc
1079 1837 1111 1897 in
1130 1837 1276 1898 ueritate.
1294 1847 1330 1901 ut

126 1930 161 1991 in
188 1928 336 1990 aduentu
363 1924 420 1987 filii
446 1925 493 1986 tui
521 1922 647 1986 domini
672 1923 774 1985 nostri
800 1922 930 2004 placitis
953 1922 1013 1986 tibi
1030 1923 1158 1986 actibus
1174 1944 1327 2005 praesen·

124 2028 244 2081 temur.
261 2034 320 2095 per
334 2013 486 2075 eundem.

686 2144 778 2209 ΑΙία.

173 2262 298 2325 Excita
324 2259 459 2322 domine
484 2258 669 2341 potentiam
693 2268 785 2320 tuam
802 2267 835 2319 ct
852 2258 935 2320 ueni.
960 2256 1013 2333 ut†
1036 2259 1125 2338 quod
1151 2258 1328 2321 aecclesiae

125 2360 208 2412 tuae
231 2348 409 2430 promisisti
437 2366 541 2429 usque
567 2346 600 2407 in
627 2344 728 2406 finem
755 2344 877 2406 saeculi
902 2345 1082 2407 clementer
1104 2366 1249 2428 operare.
1272 2367 1316 2428 qu

124 2450 250 2501 tecum.

687 2551 778 2614 Alia.

174 2666 330 2732 Concede
364 2685 544 2746 quesumus
574 2663 786 2744 omnipotens
810 2664 891 2725 deus
922 2672 959 2727 ut
990 2684 1110 2745 magne
1142 2662 1330 2727 festiuitatis

128 2760 287 2833 [uentura
308 2751 513 2834 sollempnia.
545 2771 702 2833 prospero
727 2748 970 2821 caelebramus†
996 2751 1125 2814 ellectu.
1149 2751 1205 2833 [so.
1242 2769 1329 2815 102v.

128 2841 320 2925 pariterque
336 2840 512 2901 reddamur
535 2838 652 2900 intenti
676 2836 875 2899 caelestibus
894 2838 1085 2920 disciplinis.
1102 2849 1135 2902 et
1151 2841 1193 2902 de
1209 2839 1329 2902 nostris

126 2926 337 3011 temporibus
353 2925 514 2989 laetiores.
530 2946 596 3007 per.

687 3045 777 3107 Aua.

176 3160 312 3222 Praesta
350 3176 529 3238 quesumus
566 3156 780 3237 omnipotens
818 3155 908 3217 deus.
940 3166 976 3218 ut
1014 3155 1070 3218 filii
1109 3157 1156 3218 tui
1194 3168 1333 3220 uentura

128 3246 364 3327 sollempnitas
379 3256 412 3305 et
429 3244 610 3324 praesentis
635 3244 723 3305 uitae
747 3243 842 3305 nobis
858 3244 1004 3306 remedia
1019 3242 1173 3307 conserat.
1190 3256 1223 3306 et
1240 3266 1332 3327 prae-

130 3334 201 3395 mia
216 3342 350 3395 aeterna
365 3332 536 3393 concedat.
554 3338 623 3413 pdr.

691 3462 781 3525 fllia.

177 3578 406 3645 Conscientias
432 3587 562 3639 nostras
588 3575 723 3639 domine
748 3595 928 3655 quesumus
952 3576 1119 3639 uisitando
1143 3577 1278 3657 purifica
1297 3590 1331 3642 ut

130 3668 270 3732 ueniens
286 3667 372 3728 iesus
388 3664 528 3728 christus
554 3662 639 3725 filius
656 3673 732 3724 tuus
747 3663 903 3725 dominus
919 3674 1037 3724 noster.
1055 3677 1204 3744 paratam
1222 3667 1282 3727 sibi
1299 3667 1331 3727 in

132 3754 231 3819 nobis
246 3754 391 3815 inueniet
408 3754 624 3814 mansionem.
641 3770 708 3833 per.

691 3892 782 3954 Alia.

178 4004 368 4089 Quesumus
394 4005 606 4087 omnipotens
636 4004 718 4067 deus
741 4024 875 4086 praeces
898 4014 1027 4066 nostras
1052 4006 1183 4085 respice.
1199 4015 1232 4067 et
1255 4014 1332 4068 tuae

130 4114 233 4177 super
262 4112 324 4155 nos
353 4093 479 4155 uiscera
509 4091 642 4174 pietatis
672 4092 838 4173 impende.
870 4101 905 4153 ut
936 4093 991 4172 qui
1024 4112 1067 4153 ex
1098 4103 1211 4153 nostra
1235 4094 1332 4174 culpa

130 4180 319 4263 affligimur.
335 4178 500 4242 saluatorc
517 4189 631 4241 nostro
647 4179 846 4241 aduenientc
864 4180 1067 4259 respiremus.
1086 4199 1144 4260 per
1158 4181 1310 4242 eundem.

692 4306 785 4370 Alia.

180 4420 316 4503 Porrige
330 4418 426 4482 nobis
441 4419 577 4482 domine
601 4419 776 4482 dexteram
794 4429 871 4480 tuae
893 4418 1115 4481 uenerationis
1138 4426 1171 4481 et
1194 4419 1279 4483 ueni.
1302 4429 1335 4483 et

135 4517 276 4595 peccata
291 4518 405 4571 nostra
419 4508 619 4591 propitiatus
634 4505 780 4570 absolue.
797 4525 856 4587 per
870 4505 1053 4569 dominum.
