3038 5106
239 368 288 421 2⁶²
574 368 686 421 mssa
709 370 783 421 PRO
802 368 1099 423 mmmmm

240 523 420 605 culparum.
436 531 470 587 et
484 520 726 606 plenitudinem
750 531 960 587 aeternorum
985 520 1134 605 largiaris
1157 520 1366 605 gaudiorum
1381 540 1440 603 per

239 607 411 673 dominum
428 618 586 693 nostrum.

767 727 903 795 Secreta.

287 842 384 905 Hanc
401 842 500 925 igitur
518 843 652 906 domine
674 842 878 906 oblationem
905 861 1006 923 quam
1022 862 1083 925 pro
1099 841 1230 905 famulis
1252 843 1328 905 tuis.
1345 840 1391 905 ill.
1406 850 1439 903 et

240 930 427 992 famulabus
454 929 519 993 tuis
545 938 623 993 tuae
647 930 762 1012 pietati
785 927 963 992 offerimus.
979 928 1053 1011 pius
1068 949 1107 992 ac
1123 928 1285 1011 propitius
1300 928 1440 1011 suscipe.

240 1026 273 1080 et
285 1017 434 1079 omnium
452 1026 663 1098 peccatorum
679 1036 813 1078 suorum
830 1016 963 1079 uincula
977 1015 1097 1097 quibus
1113 1016 1245 1097 propria
1260 1023 1439 1078 accusante

239 1103 441 1166 conscientia
466 1101 695 1166 miserabiliter
722 1103 970 1184 instringuntur.
997 1103 1230 1166 intercessione
1260 1101 1314 1165 dei
1340 1121 1441 1183 gene-

241 1190 330 1252 tricis
346 1191 544 1272 propitiatus
559 1190 704 1254 absolue.
721 1200 757 1252 ut
784 1210 844 1271 pro
868 1189 919 1252 his
947 1209 1058 1252 ueram
1075 1209 1259 1272 puramque
1274 1209 1391 1252 coram
1407 1199 1441 1251 te

239 1275 489 1340 confessionem.
514 1286 547 1339 et
571 1277 707 1359 dignam
736 1277 1005 1357 fructuosamque
1028 1297 1125 1359 agere
1148 1275 1390 1359 poenitentiam
1407 1285 1442 1338 et

240 1363 466 1445 plenissimam
484 1363 547 1424 illis
563 1364 719 1445 gratuito¹
735 1363 825 1426 dono
841 1362 948 1425 tribue
964 1364 1214 1446 indulgentiam.
1231 1383 1298 1445 per.

745 1500 927 1583 Praefatae.

285 1616 334 1679 ff)
373 1621 505 1677 aeterne
543 1615 632 1678 deus.
693 1614 738 1678 Et
776 1614 935 1695 pietatem
965 1624 1057 1678 tuam
1088 1613 1229 1696 supplici
1259 1613 1444 1677 deuotione

240 1721 430 1783 exposcere.
447 1713 483 1764 ut
507 1700 588 1764 haec
613 1700 739 1764 oblatio
764 1720 864 1781 quam
890 1700 951 1764 tibi
974 1721 1035 1783 pro
1054 1699 1186 1763 famulis
1201 1710 1234 1764 et
1250 1700 1444 1764 famulabus

240 1789 314 1852 tuis.
331 1788 376 1850 ill.
393 1786 569 1851 offerimus.
595 1788 637 1851 sit
662 1789 694 1850 in
719 1788 823 1850 oculis
846 1789 911 1850 tuis
935 1808 1066 1869 semper
1091 1798 1235 1871 accepta
1283 1787 1330 1850 Et
1356 1788 1444 1850 sicut

239 1884 372 1938 sanctos
397 1885 472 1937 tuos
503 1872 584 1937 fides
608 1884 696 1938 recta
721 1875 876 1956 prouexit
903 1874 944 1937 ad
971 1895 1139 1938 coronam.
1154 1875 1202 1939 ita
1222 1895 1279 1937 eos
1302 1874 1446 1937 deuotio

240 1961 401 2044 perducat
424 1962 466 2025 ad
494 1961 636 2024 ueniam.
660 1961 801 2044 qualiter
824 1961 886 2024 hac
910 1961 1079 2025 oblatione
1105 1962 1255 2045 placatus
1278 1961 1447 2025 acunctis

240 2068 299 2112 eos
335 2048 496 2111 emundes
534 2049 686 2112 sordibus
724 2047 928 2111 delictorum.
963 2060 995 2112 et
1033 2049 1119 2111 dites
1157 2047 1264 2112 fructu
1301 2067 1446 2131 operum

241 2135 412 2199 bonorum.
429 2154 487 2216 per
502 2135 659 2199 christum
676 2134 849 2199 dominum
867 2145 1024 2198 nostrum.

694 2272 725 2335 A
729 2271 756 2335 d
766 2271 992 2353 coanlendum.

286 2384 495 2449 Sacrosancti
522 2384 668 2466 corporis
692 2391 726 2446 et
750 2384 921 2465 sanguinis
945 2383 1071 2447 domini
1095 2383 1198 2447 nostri
1221 2383 1291 2447 iesu
1318 2380 1443 2446 christi.

242 2472 387 2553 uegetati
414 2471 598 2534 refectione.
623 2470 790 2552 supplices
814 2479 847 2534 te
871 2490 1026 2553 rogamus
1050 2471 1263 2552 omnipotens
1289 2468 1382 2534 deus.
1406 2479 1444 2534 ut

241 2558 322 2621 haec
360 2558 516 2621 salutaria
564 2566 780 2621 sacramenta.
819 2556 960 2621 famulos
1001 2567 1076 2621 tuos
1124 2567 1157 2620 et
1205 2556 1356 2619 famulas.
1397 2557 1442 2620 ill.

242 2646 415 2726 praecibus
430 2655 565 2707 sanctae
590 2645 643 2707 dei
670 2643 846 2726 genetricis
863 2645 994 2707 mariae.
1006 2646 1049 2708 ab
1065 2645 1155 2707 omni
1172 2643 1306 2706 uinculo
1324 2643 1442 2724 iniqui-

242 2732 320 2794 tatis
336 2732 519 2795 absoluant.
537 2742 569 2794 et
585 2732 741 2812 quicquid
759 2732 921 2793 incorum
939 2741 1050 2793 mente
1072 2732 1227 2794 uitiosum
1250 2741 1309 2793 est.
1327 2751 1440 2792 eorum

243 2819 507 2882 medicinationis
523 2818 612 2881 dono
630 2824 779 2895 [curetur.
794 2816 870 2881 fidei
886 2838 1019 2900 quoque
1035 2819 1104 2900 spei
1118 2818 1283 2880 karitatis·
1297 2812 1357 2902 [fe.
1374 2833 1441 2898 190.

243 2925 307 2987 que
322 2907 463 2987 gemmis
487 2916 629 2968 ornatos.
652 2914 804 2968 aeternae
824 2904 989 2968 felicitatis
1005 2905 1181 2986 participes
1198 2902 1369 2978 efficiant.†
1385 2924 1441 2986 per

242 2993 384 3055 eundem
401 2993 572 3055 dominum
591 3002 749 3055 nostrum.

578 3189 695 3252 Mrssn
720 3202 790 3252 nno
814 3189 1113 3253 Naurunurrnus.

289 3325 381 3388 Deus
410 3327 466 3408 qui
498 3327 693 3389 transtulisti
732 3337 842 3408 patres
873 3338 1002 3390 nostros
1034 3347 1092 3407 per
1122 3346 1212 3389 mare
1243 3327 1379 3390 rubrum
1409 3337 1442 3391 et

244 3413 457 3476 transuexisti
474 3433 532 3496 per
548 3434 668 3495 aquam
687 3413 822 3475 nimiam
840 3414 972 3476 laudem
989 3414 1035 3476 tui
1053 3414 1196 3475 nominis
1212 3414 1441 3478 decantantes.

245 3500 410 3582 supplices
440 3501 662 3581 deprecamur.
693 3511 730 3562 ut
762 3500 793 3561 in
825 3501 886 3563 hac
918 3500 992 3562 naui
1025 3499 1166 3562 famulos
1196 3510 1273 3563 tuos
1305 3501 1443 3582 repulsis

245 3587 500 3650 aduersitatibus
517 3596 613 3668 portu
630 3607 761 3668 semper
782 3586 920 3650 obtabili
940 3607 1101 3668 cursuque
1117 3587 1297 3670 tranquillo
1314 3589 1442 3651 tuearis.

244 3695 309 3756 per.

778 3794 913 3858 Secreta.

289 3905 427 3986 Suscipe
454 3925 633 3987 quesumus
665 3905 801 3968 domine
844 3925 977 3987 praeces
1007 3925 1176 3968 seruorum
1208 3915 1343 3970 tuorum
1369 3928 1445 3970 cum

244 3992 467 4056 oblationibus
484 3992 674 4054 hostiarum.
691 4002 725 4056 et
746 4002 804 4055 tua
827 3993 985 4074 mysteria
1000 3992 1214 4056 celebrantes.
1229 3993 1273 4056 ab
1288 3995 1446 4058 omnibus

244 4079 385 4143 defende
401 4079 561 4161 periculis.
578 4099 643 4160 per.

698 4207 760 4269 Ad
770 4207 994 4289 cornplendum.

290 4318 494 4384 Sanctificati
509 4320 624 4383 diuino
641 4320 798 4401 mysterio
825 4319 1032 4383 maiestatem
1057 4330 1149 4383 tuam
1166 4320 1303 4383 domine
1319 4321 1446 4405 suppli-

246 4407 327 4471 citer
350 4408 568 4490 deprecamur
591 4416 624 4471 et
649 4407 800 4488 petimus
826 4416 863 4470 ut
894 4426 978 4488 quos
1011 4407 1109 4469 donis
1134 4405 1213 4470 facis
1244 4407 1446 4472 caelestibus

343 4549 351 4580 ¹
369 4550 427 4601 The
436 4553 483 4601 last
494 4550 568 4603 letter
579 4551 608 4601 of
616 4551 665 4601 this
678 4551 746 4600 word
758 4566 838 4602 seems
850 4558 877 4601 to
888 4551 951 4602 hare
963 4550 1027 4602 been
1038 4550 1133 4602 altered
1144 4550 1209 4602 from
1221 4568 1240 4602 u
1252 4559 1311 4604 too.
