3038 5106
514 320 629 369 HEBD.
658 320 696 369 ΙΙ.
728 320 863 382 QUADR.
910 320 1024 369 Mum
1056 318 1099 368 VI.

692 498 800 581 Super
805 499 968 581 populum.

273 609 366 672 Deus
379 611 586 673 innocentiae
603 612 773 674 restitutor
788 622 822 674 et
832 610 1076 692 amatordirige
1086 610 1128 672 ad
1139 620 1173 673 te
1183 619 1315 672 tuorum
1327 607 1431 670 corda

230 718 407 759 seruorum.
425 708 461 761 ut
487 699 621 779 spiritus
648 700 696 761 tui
720 696 863 779 lleruore
886 708 1049 780 concepto
1072 707 1105 759 et
1129 698 1160 759 in
1184 696 1250 759 lide
1273 695 1331 778 [lo
1354 710 1431 775 47v.

230 785 441 848 inueniuntur
455 785 598 848 stabiles,
614 796 648 849 et
664 788 697 848 in
713 806 813 869 opere
828 785 986 848 efficaces.
1004 805 1063 868 per
1078 785 1258 847 dominum.

743 949 863 1011 Ferus
886 947 925 1011 V.

275 1069 409 1131 Praesta
434 1069 528 1131 nobis
553 1089 733 1149 quesumus
763 1070 899 1132 domine
926 1068 1088 1131 auxilium
1119 1068 1245 1148 gratiae
1275 1077 1362 1129 tuae.
1395 1079 1433 1131 ut

231 1156 358 1217 ieiuniis
373 1166 408 1217 et
423 1156 627 1219 orationibus
644 1157 880 1219 conuenienter
896 1157 1012 1219 intenti
1029 1155 1205 1218 liberemur
1219 1155 1263 1217 ab
1278 1153 1434 1217 hostibus

230 1244 349 1305 ruentis
364 1253 399 1304 et
413 1244 567 1326 corporis,
584 1264 642 1324 per
656 1244 837 1305 dominum.

762 1376 900 1441 Secreta.

275 1490 441 1553 Praesenti
467 1488 625 1553 sacrificio
656 1491 781 1552 nomini
812 1500 872 1552 tuo
903 1510 963 1552 nos
1001 1490 1135 1552 domine
1165 1488 1285 1550 ieiunia
1317 1491 1433 1553 dicata

229 1577 444 1640 sanctificent.
484 1587 520 1639 ut
554 1580 643 1658 quod
682 1578 895 1640 obseruantia
924 1587 1037 1640 nostra
1067 1575 1241 1660 profitetur
1269 1579 1431 1640 exterius.

230 1666 366 1728 interius
382 1674 537 1746 operetur
552 1663 716 1727 effectum.
732 1685 791 1746 per
806 1666 979 1727 dominum
997 1675 1155 1727 nostrum.

741 1794 923 1873 Praefatio

274 1908 323 1969 (D
341 1916 473 1969 aeterne
488 1907 579 1968 deus.
619 1907 663 1969 Et
680 1916 772 1968 tuam
788 1926 864 1967 cum
882 1904 1122 1968 caelebratione
1139 1904 1248 1968 ieiunii
1269 1906 1432 1987 pietatem

230 1994 360 2056 deuotis
377 1993 543 2055 mentibus
559 1994 739 2056 obsecrare.
756 2004 792 2055 ut
802 1994 858 2073 qui
870 1995 1014 2074 peccatis
1024 1994 1253 2075 ingruentibus
1264 1993 1431 2055 malorum

229 2082 375 2161 pondere
392 2081 600 2161 praemimur.
617 2091 650 2142 et
660 2101 680 2142 a
690 2082 834 2161 peccatis
850 2079 1005 2142 omnibus
1016 2079 1198 2143 liberemur.
1211 2090 1245 2141 et
1257 2079 1360 2143 libera
1370 2082 1433 2143 tibi

231 2177 341 2230 mente
358 2167 563 2230 famulemur.
580 2188 639 2249 per
653 2168 820 2229 christum.

684 2301 715 2363 A
719 2300 745 2362 d
756 2300 980 2380 complendum.

275 2412 389 2481 Gratia
413 2423 470 2476 tua
494 2434 553 2475 nos
577 2433 757 2494 quesumus
773 2414 909 2476 domine
925 2434 991 2476 non
1008 2414 1215 2496 derelinquat
1231 2434 1318 2496 quae
1335 2415 1433 2478 nobis

229 2520 328 2582 opem
345 2521 476 2582 semper
491 2502 653 2582 adquirat.
669 2519 735 2581 per.

693 2628 798 2709 Super
804 2630 966 2710 populum.

276 2741 405 2803 Adesto
436 2740 571 2802 domine
602 2740 733 2803 famulis
772 2742 837 2804 tuis
877 2751 910 2804 et
951 2752 1147 2824 perpetuam
1188 2742 1431 2824 benignitatem

233 2828 351 2908 largire
389 2828 610 2908 poscentibus.
649 2838 685 2889 ut
723 2827 773 2889 his
812 2829 868 2909 qui
905 2838 939 2891 te
976 2838 1110 2892 auctore
1143 2840 1177 2893 et
1210 2830 1433 2911 gubernatore

234 2914 425 3061 qloriantur.
450 2925 483 2977 et
506 2925 708 2995 congregata
732 2923 902 2978 restaures.
926 2926 960 2978 et
976 2926 1158 2979 restaurata
1174 2937 1358 2981 conserues,
1374 2938 1435 3000 per

231 3021 413 3064 commum.

729 3141 848 3202 Funm
870 3140 931 3204 VI.

277 3269 330 3330 Da
367 3288 548 3348 quesumus
585 3268 798 3349 omnipotens
835 3270 916 3331 deus
947 3278 984 3330 ut
1014 3289 1107 3330 sacro
1138 3288 1199 3331 nos
1235 3267 1432 3351 purificante

232 3356 361 3417 ieiunio.
394 3356 528 3417 sinceris
561 3356 727 3418 mentibus
757 3357 798 3418 ad
827 3366 942 3418 sancta
965 3366 1104 3418 uentura
1128 3354 1228 3418 facias
1252 3357 1432 3437 peruenire.

231 3464 297 3524 per.

762 3546 900 3609 Secreta.

279 3658 372 3719 llaec
404 3657 436 3718 in
468 3656 563 3719 nobis
593 3656 752 3719 sacrificia
788 3658 870 3720 deus
907 3666 941 3720 et
979 3657 1110 3720 actione
1140 3668 1367 3739 permaneant.
1398 3670 1433 3722 et

232 3745 425 3826 operatione
442 3743 620 3806 firmentur.
637 3764 702 3825 per.

750 3848 933 3927 Praefatio.

276 3960 325 4022 ff)
342 3968 475 4021 aeterne
492 3959 581 4021 deus.
606 3958 672 4040 Qui
688 3959 919 4041 delinquentes
936 3959 1040 4042 perire
1057 3979 1123 4021 non
1140 3957 1285 4042 spateris.
1303 3960 1359 4041 [lo.
1380 3963 1432 4039 48.

234 4048 292 4108 scd
318 4054 355 4108 ut
379 4048 421 4108 ad
448 4056 481 4107 te
507 4057 745 4109 conuertantur
767 4058 800 4109 et
823 4048 940 4110 uiuant
963 4046 1111 4109 hortaris.
1134 4047 1302 4128 poscimus
1318 4049 1431 4129 itaque

231 4136 391 4215 pietatem
415 4141 507 4195 tuam
532 4144 568 4195 ut
591 4153 611 4194 a
635 4134 778 4214 peccatis
802 4135 922 4196 nostris
945 4142 1022 4196 tuae
1045 4134 1230 4196 seueritatis
1247 4138 1431 4215 suspendas

231 4221 422 4282 uindictam.
446 4228 480 4282 et
503 4219 598 4282 nobis
621 4230 772 4301 optatam
797 4221 1049 4283 misericorditer
1072 4220 1196 4283 tribuas
1212 4221 1353 4284 ueniam.
1370 4242 1431 4284 nec

229 4308 441 4388 iniquitatum
459 4318 645 4369 nostrarum
663 4307 811 4370 moleste
828 4318 985 4388 prouocet
1000 4309 1042 4370 ad
1060 4306 1229 4369 ultionem.
1242 4309 1301 4370 sed
1319 4308 1429 4371 ieiunii

229 4394 426 4456 obseruatio
464 4403 497 4456 et
536 4414 665 4456 morum
696 4392 894 4457 emendatio
924 4402 958 4457 te
988 4394 1099 4457 flectat
1136 4395 1178 4456 ad
1217 4403 1429 4475 peccatorum

230 4490 416 4543 nostrorum
433 4481 670 4545 remissionem.
686 4501 745 4563 per
760 4480 928 4544 christum.
