3038 5106
484 343 626 399 vncrro
647 342 905 397 rnrrarroaurr.
1244 346 1292 409 287

91 498 261 584 praeclara
286 498 430 565 saluatio
459 500 541 565 dum
576 509 705 583 prestas
731 508 769 563 ut
793 506 948 581 operetur
972 498 1070 564 nobis
1095 498 1197 565 etiam
1221 501 1295 585 ipsa

90 587 265 652 infirmitas
279 588 430 652 salutem.
445 607 505 670 per
518 586 687 651 christum.

138 675 281 740 Redime
297 695 351 739 me
366 675 458 739 deus.

539 794 603 857 Ad
611 756 838 877 complendum.

139 907 232 972 Deus
259 907 461 971 infirmitatis
485 906 651 971 humanae
680 905 847 988 singulare
877 905 1078 988 praesidium
1104 907 1220 970 auxilii
1245 910 1294 971 tui

96 1015 195 1078 super
210 994 378 1059 infirmum
401 1004 560 1057 nostrum.
586 993 626 1057 N.
650 994 790 1056 ostende
813 994 971 1056 uirtutem
988 1003 1025 1057 ut
1039 991 1156 1075 opem†
1171 995 1295 1057 miseri-

95 1083 227 1146 cordiae
257 1093 335 1146 tuae
365 1081 499 1145 adiutus
545 1079 724 1144 aecclesiae
762 1090 840 1143 tuae
891 1089 1026 1143 sanctae
1057 1083 1294 1164 repraesentari

96 1166 309 1243 mereantur.†
324 1188 384 1252 per
398 1169 581 1232 dominum.

141 1313 213 1400 Dep
222 1315 345 1401 ongrnd
360 1335 414 1378 seo
430 1314 654 1398 enbebypbnys
667 1332 704 1377 ro
715 1334 937 1399 genem-genna
952 1313 1083 1377 odileeo
1093 1336 1298 1399 Jmeprgeuue

94 1420 292 1488 untpumne.
338 1401 391 1465 On
407 1420 555 1487 aepejean
571 1400 700 1487 halgum
718 1405 758 1489 pa
773 1403 924 1484 saeepbas
939 1417 1046 1484 paecep
1061 1403 1127 1463 mrb
1150 1423 1237 1464 axuu
1260 1424 1299 1487 op

96 1507 265 1575 pmcpeope
287 1488 424 1572 prdueam
439 1494 503 1575 pon
523 1489 613 1550 huse.
660 1486 895 1571 7ponneh11n
915 1486 999 1550 beon
1019 1509 1121 1574 gegan
1144 1488 1299 1572 prdmnan

96 1578 167 1661 lvaec
180 1574 242 1638 hue
257 1580 326 1664 paes
340 1593 527 1661 uncpuman
548 1579 653 1660 ponne
679 1573 802 1657 opedan
824 1573 859 1636 hr
884 1574 983 1658 lrprpa
998 1596 1061 1658 pax
1088 1574 1163 1639 huic
1179 1578 1297 1640 bomur.

97 1685 118 1747 7
151 1667 214 1751 pori
252 1669 429 1749 ongynnon
457 1664 547 1746 laone.
575 1683 603 1724 a.
649 1680 792 1744 alpepres
826 1682 879 1723 me
909 1682 928 1745 7
961 1659 1082 1749 ponne!
1117 1661 1173 1744 [s0.
1206 1678 1298 1742 207v.

94 1754 366 1923 tt'ltttgltt
380 1752 894 1921 lillil⁶lel⁰slism¹⁶¹¹¹¹m³¹¹
919 1769 937 1832 ⁷
961 1769 1039 1832 orer
1065 1748 1114 1811 ¹¹¹⁸
1140 1748 1202 1812 *¹¹³⁸
1217 1752 1299 1834 ΡΜ

622 1977 745 2043 Oratio.

143 2094 368 2176 Omnipotens
383 2093 585 2174 sempiterne
606 2091 701 2155 deus¹
718 2091 902 2154 inmensam
920 2092 1080 2173 pietatem
1097 2103 1189 2156 tuam
1205 2105 1242 2158 ut
1257 2096 1299 2159 ad

99 2182 272 2244 introitum
300 2180 496 2244 humilitatis
521 2188 654 2242 nostrae
678 2177 766 2242 hunc
791 2176 952 2240 famulum
980 2188 1084 2242 tuum.
1109 2180 1154 2243 ill.
1183 2182 1214 2243 in
1237 2181 1300 2245 hoc

99 2267 291 2331 habitaculo
306 2267 429 2330 sessum
446 2267 609 2329 iacentem
626 2266 817 2328 uisitatione
832 2264 1000 2328 salutifera
1010 2266 1144 2330 uisitare
1156 2268 1301 2350 digneris

100 2364 135 2418 et
150 2356 234 2418 sicut
251 2355 390 2416 uisitasti
407 2354 543 2416 domine
565 2351 692 2416 tobiam
716 2362 750 2415 et
768 2372 892 2414 sarram
909 2361 944 2414 et
957 2372 1088 2415 socrum
1106 2356 1189 2435 petri
1206 2376 1301 2437 puer·

100 2461 225 2523 umque
236 2441 447 2504 centurionis.
457 2442 504 2503 ita
513 2450 547 2503 et
558 2440 620 2503 iste
635 2439 775 2521 pristina
790 2439 933 2501 sanitate
945 2440 1077 2502 animae
1089 2444 1300 2524 corporisque

100 2538 235 2610 recepta
250 2529 430 2610 gratiarum
448 2528 507 2590 tibi
525 2528 557 2588 in
575 2525 735 2589 aecclesia
750 2535 808 2589 tua
825 2525 943 2588 reserat
959 2527 1134 2590 actionem.
1148 2549 1213 2610 per.

99 2769 112 2833 l
143 2681 261 2746 srddan
275 2704 334 2766 ppa
348 2683 411 2766 pan
427 2698 614 2763 unqruman
631 2680 691 2743 beo
706 2679 756 2743 hrs
772 2682 933 2763 anbyenys
953 2684 1059 2766 geeyb.
1106 2703 1125 2766 7
1150 2667 1223 2765 ἱεμ-
1237 2686 1301 2768 lon

112 2788 232 2833 acaum.

147 2949 268 3032 Kyrrie
283 2948 429 3031 eleyson,
445 2948 576 3013 Christe
592 2947 737 3029 eleyson,
754 2946 886 3010 Christe
904 2946 982 3009 audi
999 2966 1068 3010 nos.

147 3037 245 3100 Pater
260 3037 302 3099 de
317 3036 417 3100 caelis
433 3035 515 3098 deus
531 3032 667 3107 misere†
682 3034 786 3096 nobie.

146 3123 249 3187 Filius
264 3125 456 3205 redemptor
471 3123 586 3185 mundi
603 3122 685 3184 deus
702 3122 855 3183 miserere
871 3120 989 3186 nobis.²

147 3210 271 3275 Sancta
286 3210 416 3273 trinitas
432 3230 517 3272 unus
532 3210 614 3272 deus
632 3209 784 3271 miserere
801 3207 904 3270 nobis.

146 3295 270 3362 Sancta
286 3297 390 3361 maria
405 3317 464 3359 ora
478 3317 539 3378 pro
555 3295 620 3358 illo.

150 3383 275 3450 Sancta
291 3385 343 3446 dei
361 3384 505 3464 genitrix
522 3403 579 3445 ora
595 3402 656 3464 pro
672 3380 736 3444 illo.

147 3471 271 3536 Sancta
287 3471 381 3553 uirgo
398 3471 563 3551 uirginum
579 3490 637 3532 ora
653 3489 712 3550 pro
728 3468 791 3530 ille.

146 3557 269 3622 Sancte
285 3556 457 3620 michahel.

146 3645 269 3710 Sancte
283 3643 441 3726 gabrihel.

146 3731 270 3796 Sancte
285 3731 428 3813 raphael.

147 3818 275 3882 Omnes
289 3819 396 3881 sancti
412 3817 522 3899 angeli
538 3827 572 3879 et
588 3815 776 3897 archangeli
793 3824 885 3879 orate
901 3836 962 3897 pro
978 3814 1034 3878 illo

148 3906 276 3970 Omnes
291 3906 397 3980 sancti
413 3904 586 3967 beatorum
603 3904 777 3986 spirituum
794 3903 932 3965 ordines.

148 3992 276 4056 Omnes
291 3991 397 4055 sancti
413 3990 620 4074 patriarchae
635 4000 669 4053 et
684 3990 874 4072 prophetae.

147 4080 270 4145 Sancte
285 4080 445 4142 iohannes
460 4078 614 4161 baptista.

148 4167 271 4232 Sancte
286 4176 388 4249 petre.

148 4254 270 4319 Sancte
285 4252 393 4336 paule.

148 4342 271 4407 Sancte
286 4341 418 4404 andrea

330 4470 340 4505 ¹
359 4476 517 4537 &assumus
526 4472 633 4523 omitted
644 4472 670 4523 in
683 4472 738 4523 MS.

330 4537 342 4573 ²
358 4540 474 4607 Spiritus
484 4548 586 4591 sanctur
595 4540 655 4589 drus
665 4540 782 4589 miserere
792 4538 861 4589 nolis
871 4536 979 4589 omitted
989 4538 1016 4588 in
1028 4538 1077 4589 MS
