3038 5106
524 338 615 390 Dour.
637 338 658 389 I.
678 337 734 388 DE
749 336 916 390 ADUENT
915 338 944 390 U
954 336 1106 389 DOMINI.

316 534 515 599 Doururca
537 535 695 599 XXIIII.
718 547 807 599 Posr
830 532 1003 600 Oc‘mms
1027 534 1314 601 Peurucosreu.

262 646 355 710 Deus
378 646 541 729 refugium
567 659 716 711 nostrum
742 657 777 712 et
802 648 917 713 uirtus.
932 649 1051 712 adesto
1065 649 1129 732 piis
1143 649 1323 713 aecclesiae
1339 658 1423 712 tuae

218 734 392 815 praecibus
423 747 538 797 auctor
571 736 641 817 ipse
677 735 820 817 pietatis.
850 743 884 798 et
917 746 1051 818 praesta
1087 745 1125 800 ut
1154 737 1244 818 quod
1276 735 1425 799 fideliter

217 822 370 902 petimus.
386 821 562 884 efficaciter
576 842 828 905 consequamur.
845 842 912 904 per.

753 938 883 1003 Secreta

262 1041 316 1105 Da
333 1041 516 1107 misericors
528 1043 610 1107 deus
629 1053 666 1107 ut
687 1042 769 1106 haec
792 1062 853 1106 nos
869 1040 1023 1105 salutaris
1038 1040 1176 1107 oblatio.
1189 1053 1224 1106 et
1239 1063 1259 1106 a
1275 1043 1422 1127 propriis

219 1130 364 1193 reatibus
381 1131 604 1194 indesinenter
625 1132 795 1212 expediat.
817 1140 851 1194 et
874 1129 918 1193 ab
941 1130 1095 1194 omnibus
1111 1140 1244 1194 tueatur
1258 1132 1423 1194 aduersis.

217 1237 283 1297 per.

734 1327 895 1409 Prefatrb.

262 1432 311 1495 (I)
336 1451 394 1513 per
417 1431 575 1495 christum
599 1431 773 1496 dominum
798 1441 956 1495 nostrum.
1003 1431 1066 1494 Per
1087 1452 1187 1514 quem
1211 1441 1368 1496 sanctum
1388 1444 1423 1496 et

217 1517 430 1581 benedictum
452 1540 574 1582 nomen
600 1519 782 1583 maiestatis
805 1528 883 1581 tuae
905 1519 1029 1600 ubique
1051 1529 1233 1583 ueneratur.
1250 1521 1421 1583 adoratur.

219 1607 435 1688 praedicatur.
460 1615 494 1669 et
521 1607 647 1670 colitur.
705 1605 772 1688 Qui
797 1617 847 1669 est
874 1607 967 1687 origo
991 1606 1115 1669 salutis.
1143 1608 1198 1670 uia
1224 1607 1370 1670 uirtutis.
1387 1620 1421 1671 et

218 1704 295 1755 tuae
311 1694 505 1775 propitiatio
521 1694 713 1756 maiestatis.
760 1692 869 1775 Quem
887 1693 1025 1757 laudant
1041 1693 1159 1775 angeli.

665 1813 728 1876 Ad
745 1813 969 1895 complendum.

262 1912 475 1996 Sumpsimus
505 1916 639 1979 domine
670 1918 752 1981 sacri
789 1919 878 1980 dona
908 1918 1056 2000 mysterii
1087 1918 1255 1981 humiliter
1278 1918 1420 2000 deprae-

217 2012 338 2063 cantes.
356 2014 391 2065 ut
407 2022 493 2083 quae
510 2004 541 2065 in
559 2005 606 2066 tul
622 2006 940 2067 commemoratione
957 2026 1017 2067 nos
1034 2005 1141 2068 lacere
1157 2006 1366 2087 praecepisti.
1384 2007 1417 2069 in

217 2099 349 2151 nostrae
365 2089 539 2172 proficiant
556 2090 756 2154 infirmitatis
771 2091 945 2156 auxilium.
961 2113 1020 2174 per
1034 2093 1208 2156 dominum
1225 2104 1388 2157 nostrum.

339 2293 536 2356 Donmrcn
559 2293 670 2356 XXV.
696 2306 785 2356 Posr
808 2290 981 2355 Occasus
1006 2291 1290 2354 Pentecosten

260 2403 385 2468 Excita
414 2425 596 2486 quesumus
634 2405 769 2466 domine
803 2415 937 2467 tuorum
968 2402 1115 2465 fidelium
1146 2401 1347 2465 uoluntates.
1380 2411 1418 2465 ut

215 2491 318 2553 diuini
330 2493 438 2573 operis
451 2493 592 2554 fructum
611 2493 807 2574 propensius
822 2502 1035 2572 exequentes.
1046 2490 1179 2572 pietatis
1195 2502 1253 2551 tua
1269 2491 1420 2553 remedia

217 2580 341 2640 maiora
357 2581 548 2660 percipiant.
565 2599 631 2660 per.

747 2697 883 2762 Secreta.

260 2800 440 2884 (Propitius
465 2812 536 2864 esto
559 2801 694 2864 domine
717 2800 1016 2884 supplicationibus
1040 2799 1167 2863 nostris.
1192 2809 1225 2863 et
1285 2798 1342 2882 [fo.
1367 2818 1422 2880 99.

216 2890 331 2971 populi
342 2891 389 2951 tui
400 2888 603 2951 orationibus
619 2889 859 2970 praecibusque
875 2889 1045 2969 susceptis,
1063 2889 1211 2949 omnium
1226 2899 1418 2950 nostrorum

216 2977 258 3038 ad
290 2986 323 3037 te
353 2977 453 3038 corda
487 2987 651 3039 conuerte.
682 2986 718 3037 ut
749 2996 769 3037 a
800 2977 936 3037 terrenis
967 2973 1205 3056 cupiditatibus
1236 2975 1340 3036 liberi.
1372 2977 1416 3037 ad

215 3062 370 3124 caelestia
386 3063 548 3124 desideria
565 3073 779 3124 transeamus.
797 3083 855 3144 per
870 3062 1052 3124 dominum.

732 3182 894 3261 Presatio.

259 3286 308 3348 II]
344 3295 476 3347 aeterne
506 3286 596 3347 deus
654 3285 756 3349 Cuius
787 3286 895 3366 operis
925 3294 975 3347 est
1006 3284 1095 3366 quod
1132 3284 1257 3346 conditi
1288 3304 1417 3349 sumus.

217 3374 361 3435 muneris
377 3374 465 3452 quod
484 3374 636 3435 uiuimus,
653 3373 785 3454 pietatis
808 3373 898 3453 quod
922 3382 980 3434 tua
996 3393 1074 3452 erga
1091 3392 1151 3433 nos
1167 3373 1256 3433 dona
1272 3392 1416 3452 cognos-

214 3462 327 3521 cimus.
374 3459 536 3540 Quamuis
553 3461 640 3521 enim
662 3470 779 3521 natura
798 3470 911 3521 nostra
930 3461 1057 3539 peccati
1074 3460 1192 3520 uitiata
1208 3459 1251 3521 sit
1266 3460 1415 3522 uulnere.

214 3568 233 3608 a
271 3548 408 3609 terrenis
446 3557 557 3608 tamen
596 3547 638 3608 ad
677 3546 832 3608 caelestia
870 3546 1068 3627 prouehitur.
1108 3557 1165 3607 tuo
1202 3545 1416 3608 inenarrabili

215 3654 359 3695 munere.
377 3654 435 3715 per
450 3635 607 3696 christum
624 3634 797 3695 dominum
820 3643 978 3695 nostrum.

660 3752 722 3816 Ad
739 3752 963 3834 corrotlcndurrr.

258 3857 412 3921 Concede
450 3857 546 3920 nobis
593 3858 728 3919 domine
774 3877 962 3936 quesumus
1006 3864 1042 3919 ut
1088 3863 1296 3918 sacramenta
1326 3876 1416 3937 quae

214 3947 425 4026 sumpsimus,
457 3946 614 4025 quicquid
646 3946 678 4005 in
709 3941 858 4017 nostrae†
889 3953 1000 4005 mente
1031 3943 1187 4005 uitiosum
1219 3955 1278 4004 est.
1309 3943 1416 4024 ipsius

215 4032 444 4094 medicationis
461 4036 550 4094 dono
567 4041 705 4094 curetur.
722 4051 780 4112 per
795 4031 976 4092 dominum.

451 4215 650 4277 Doururcn
675 4215 699 4277 I.
723 4227 773 4276 on
797 4213 988 4276 Aouauru
1015 4212 1172 4276 Dolum.

257 4325 381 4389 Excita
410 4327 545 4390 domine
575 4347 757 4408 quesumus
781 4325 966 4406 potentiam
998 4334 1091 4388 tuam
1121 4336 1155 4388 et
1186 4324 1270 4386 ueni.
1302 4335 1340 4388 ut
1371 4327 1416 4388 ab

214 4413 428 4476 iminentibus
467 4423 678 4494 peccatorum
722 4422 908 4475 nostrorum
949 4409 1111 4491 periculis.
1131 4421 1134 4426 ’
1153 4421 1187 4473 te
1227 4431 1417 4477 mereamur

211 4510 408 4583 protegente
423 4501 512 4582 eripi.
529 4510 562 4564 te
577 4500 738 4564 liberante
752 4496 881 4562 saluari.
897 4496 954 4577 qui
970 4497 1064 4560 uiuis
