3038 5106
446 352 539 404 DOM.
564 354 619 405 ΙΙΙ.
650 355 698 404 ΙΝ
722 354 1029 417 QUADRAGESIMA.

593 555 657 619 Ad
665 557 890 638 complendum.

184 665 251 729 Fac
284 686 345 729 nos
376 667 512 731 domine
534 688 714 751 quesumus
744 680 883 750 accepto
907 669 1046 751 pignore
1069 670 1183 733 salutis
1206 680 1339 748 aeterne

135 752 185 901 {ic
215 755 351 853 tendere
380 767 607 838 congruenter.
638 767 674 819 ut
700 754 743 818 ad
771 776 845 818 eam
877 758 1049 839 peruenire
1076 759 1250 840 possimus.
1280 779 1339 840 per

163 860 322 905 ommum.

598 960 705 1044 Super
705 963 870 1045 populum.

183 1072 237 1136 Da
252 1094 433 1157 quesumus
449 1075 584 1138 domine
602 1075 727 1158 populo
743 1085 802 1138 tuo
817 1070 969 1139 salutem*
985 1077 1106 1139 mentis
1129 1085 1162 1139 et
1184 1077 1339 1159 corporis,

137 1170 176 1223 ut
213 1160 309 1224 bonis
337 1162 493 1243 operibus
523 1163 713 1226 inherendo
744 1172 821 1226 tuae
852 1184 984 1246 semper
1013 1165 1144 1227 uirtutis
1176 1176 1341 1228 mereatur

136 1249 345 1330 protectione
359 1248 503 1313 defendi.
518 1270 577 1331 per
592 1250 773 1313 dominum.

647 1452 826 1517 SABBATO.

182 1578 237 1642 Da
255 1600 436 1663 quesumus
461 1580 596 1645 domine
623 1583 743 1645 nostris
766 1581 923 1645 affectum
947 1582 1076 1644 ieiuniis
1099 1582 1278 1644 salutarem
1301 1591 1338 1645 ut

137 1668 313 1749 castigatio
329 1670 436 1731 camis
453 1680 634 1751 assumpta.
650 1671 692 1732 ad
710 1680 898 1733 nostrarum
922 1671 1167 1752 uegetationem
1192 1679 1339 1732 transeat

136 1754 332 1818 animarum.
348 1775 408 1838 per
422 1756 596 1819 dominum
614 1766 773 1822 nostrum.

671 1905 809 1971 Secreta.

184 2016 248 2079 His
284 2017 452 2081 sacrificiis
490 2018 625 2081 domine
663 2021 808 2083 concede
834 2018 993 2100 placatus.
1031 2026 1069 2080 ut
1106 2016 1162 2099 qui
1201 2016 1340 2098 propriis

136 2124 271 2167 oramus
297 2106 427 2170 absolui
451 2106 590 2170 delictis.
617 2126 684 2168 non
707 2126 885 2189 grauemur
906 2105 1062 2168 externis.
1087 2124 1145 2186 per
1167 2104 1340 2166 dominum

138 2200 297 2255 nostrum.

651 2314 834 2394 Praefatae.

184 2424 234 2489 (D
249 2434 383 2489 aeterne
393 2426 482 2489 deus.
508 2425 553 2488 Et
563 2434 655 2488 tuam
667 2427 786 2508 iugiter
795 2444 934 2488 exorare
944 2423 1154 2487 clementiam
1165 2431 1202 2485 ut
1213 2430 1341 2485 mentes

139 2522 270 2575 nostras
291 2532 376 2593 quas
398 2513 560 2594 conspicis
583 2514 719 2576 terrenis
743 2511 915 2575 affectibus
939 2511 1147 2593 praegrauari
1183 2510 1340 2572 medicin-

137 2596 246 2661 alibus
270 2600 396 2663 tribuas
420 2600 548 2663 ieiuniis
573 2600 757 2663 exonerari.
784 2615 817 2662 et
840 2618 900 2682 per
921 2597 1134 2661 afflictionem
1161 2616 1338 2677 corporum

138 2687 313 2767 proueniat
351 2686 445 2750 nobis
484 2688 584 2751 robur
620 2688 816 2750 animarum.
860 2706 919 2769 per
962 2685 1123 2747 christum
1164 2684 1338 2746 dominum

139 2783 299 2837 nostrum.

593 2894 656 2958 Ad
664 2893 890 2975 complendum.

182 3002 406 3088 lSacramenti
439 3005 487 3069 tui
520 3006 655 3069 domine
687 3006 801 3068 diuina
833 3005 948 3068 libatio
972 3002 1153 3085 penetralia
1181 2998 1236 3085 [io.
1267 3004 1340 3081 48v.

138 3093 243 3155 nostri
269 3093 379 3155 cordis
404 3093 564 3157 infundat.
589 3102 623 3156 et
647 3094 696 3156 sui
728 3092 906 3176 participes
936 3100 1090 3173 potenter
1120 3088 1249 3152 efficiat.
1282 3110 1341 3171 per

137 3179 312 3243 dominum
329 3190 487 3243 nostrum.

597 3299 705 3382 Super
717 3300 882 3382 populum.

183 3412 358 3475 Familiam
376 3421 466 3476 tuam
483 3433 663 3496 quesumus
680 3414 815 3476 domine
831 3412 988 3474 continua
1004 3411 1128 3492 pietate
1144 3410 1281 3472 custodi.
1303 3420 1339 3474 ut

137 3519 225 3581 quae
239 3501 311 3563 sola
327 3519 386 3581 spe
400 3501 527 3582 gratiae
542 3500 693 3563 caelestis
703 3501 862 3562 innititur.
875 3498 1007 3561 caelesti
1021 3498 1122 3561 etiam
1134 3499 1340 3578 protectione

138 3588 314 3651 muniatur.
330 3608 389 3669 per
404 3588 577 3650 dominum
594 3597 743 3650 nostrum
761 3589 866 3649 iesum
882 3585 1051 3648 christum.

391 3803 591 3869 Dommcn
615 3805 679 3868 111.
704 3818 745 3868 m
771 3803 1084 3886 Qununncesmn.

182 3940 373 4025 Quesumus
387 3941 599 4024 omnipotens
615 3943 697 4006 deus
712 3952 793 4005 uota
815 3941 990 4005 humilium
1015 3942 1147 4023 respice.
1171 3950 1272 4022 atque
1296 3943 1336 4004 ad

136 4028 365 4181 geserrsionem
389 4038 536 4093 nostram
567 4032 742 4093 dexteram
774 4039 850 4093 tuae
881 4029 1063 4093 maiestatis
1093 4030 1247 4092 extende.
1280 4050 1338 4111 per

161 4136 320 4181 ominum.

674 4237 811 4303 Secreta.

184 4348 280 4413 Haec
309 4348 418 4413 hostia
448 4324 584 4414 domine
608 4371 789 4434 quesumus
820 4350 959 4413 mundet
990 4357 1101 4411 nostra
1136 4347 1267 4412 delicta.
1304 4357 1338 4411 et

137 4434 335 4501 sacrificium
360 4435 615 4501 caelebrandum
646 4439 856 4503 subditorum
887 4436 948 4501 tibi
973 4455 1111 4518 corpora
1142 4446 1338 4517 mentesque

138 4521 333 4589 sanctificet
349 4542 409 4607 per
422 4524 606 4590 dominum.
