3038 5106
426 350 538 401 MISSA
561 350 617 401 DE
636 350 797 402 SANCTIS
820 350 1043 402 UIRGINIBUS
1299 358 1346 409 247

679 508 817 574 Secreta.

145 616 148 621 ’
194 620 334 684 Munera
370 630 449 684 tuae
485 622 668 686 misericors
712 622 803 685 deus.
850 622 1014 685 maiestati
1051 620 1164 684 oblata
1201 619 1346 701 benigno

148 727 327 790 quesumus
363 709 494 791 suscipe
530 710 660 772 intuitu.
698 718 735 772 ut
771 728 885 771 eorum
924 709 1019 772 nobis
1056 706 1228 790 praecibus
1266 705 1347 768 fiant

149 793 305 858 salutaria
327 815 467 877 quorum
491 796 732 859 sacratissimae
755 797 787 858 in
812 796 873 858 hac
903 816 996 859 sacra
1025 795 1161 858 basilica
1191 793 1347 875 reliquiae

148 892 226 944 sunt
241 882 418 945 recondite.
434 902 500 965 per.

596 1004 659 1067 Ad
677 1004 901 1085 conplendum.

196 1114 319 1178 Diuina
342 1114 484 1179 libantes
516 1117 673 1198 mysteria
702 1137 881 1199 quesumus
912 1117 1053 1179 domine.
1085 1125 1121 1179 ut
1150 1135 1264 1179 eorum
1289 1134 1348 1175 nos

152 1200 273 1283 ubique
289 1202 479 1265 intercessio
495 1213 656 1285 protegat.
673 1224 813 1285 quorum
830 1203 882 1266 hic
906 1224 999 1266 sacra
1022 1204 1205 1286 gaudemus
1228 1200 1349 1264 habere

152 1289 341 1370 patrocinia.
357 1309 423 1371 per.

642 1455 735 1517 {ran
761 1456 866 1518 Abin.

197 1566 393 1647 [Propitiare
408 1586 588 1649 quesumus
604 1566 739 1630 domine
762 1567 857 1630 nobis
881 1567 1012 1631 famulis
1036 1568 1101 1632 tuis
1125 1588 1182 1650 per
1205 1567 1260 1650 [lo.
1283 1581 1349 1647 179.

152 1664 342 1716 sanctonrm
374 1663 505 1717 tuorum
530 1655 648 1718 merita
669 1655 820 1736 gloriosa.
845 1665 1016 1719 uteorum
1041 1655 1096 1737 pia
1119 1654 1351 1718 intercessione

152 1738 196 1803 ab
211 1739 364 1802 omnibus
380 1760 511 1824 semper
525 1750 739 1824 protegamur
754 1743 908 1805 aduersis.
926 1763 991 1825 per.

688 1879 824 1944 Secreta.

199 1991 365 2072 Suscipiat
380 1989 557 2055 clementia
573 2001 631 2055 tua
645 1991 780 2054 domine
796 2012 976 2074 quesumus
991 1993 1034 2055 de
1059 1991 1211 2055 manibus
1234 1991 1353 2053 nostris

155 2098 274 2141 munus
289 2077 449 2141 oblatum.
465 2088 498 2140 et
511 2099 569 2160 per
584 2088 774 2142 sanctorum
791 2089 922 2142 tuorum
947 2080 1113 2143 orationes
1136 2079 1179 2141 ab
1200 2077 1353 2141 omnibus

154 2185 215 2227 nos
230 2164 389 2227 emundet
405 2167 558 2247 peccatis.
575 2185 640 2247 per.

673 2286 854 2366 Praefatio,

198 2398 248 2461 tt)
272 2407 405 2460 aeterne
420 2398 509 2460 deus.
557 2397 615 2460 Pia
631 2398 810 2461 deuotione
831 2408 923 2461 tuam
947 2398 1121 2461 laudantes
1144 2398 1354 2460 clementiam

154 2485 210 2566 qui
227 2485 350 2547 sanctis
366 2484 431 2546 tuis
447 2484 548 2547 talem
564 2484 732 2547 contulisti
749 2485 888 2567 gloriam
902 2494 938 2547 ut
956 2505 1015 2566 pro
1024 2485 1072 2547 tui
1085 2505 1197 2547 amore
1213 2486 1356 2547 nominis

158 2581 232 2634 tota
253 2571 461 2652 despicerent
484 2581 622 2634 terrena.
646 2580 680 2634 et
710 2581 859 2634 amarent
890 2571 1053 2634 caelestia.
1101 2572 1201 2636 Unde
1231 2584 1265 2635 et
1296 2592 1356 2653 pro

155 2676 269 2720 eorum
287 2658 498 2720 ueneratione
516 2659 548 2720 in
565 2658 639 2720 loco
655 2658 864 2740 reliquiarum
882 2659 1022 2721 illorum.
1045 2657 1126 2720 haec
1149 2670 1357 2722 sacramenta

155 2744 272 2807 salutis
288 2754 421 2807 nostrae
436 2754 513 2807 tuae
529 2744 697 2808 offerimus
714 2746 828 2827 pietati
845 2755 881 2807 ut
904 2746 1006 2810 tantis
1024 2765 1083 2826 pro
1099 2745 1194 2808 nobis
1218 2746 1357 2808 interce·

156 2831 311 2894 dentibus
327 2831 483 2914 patronis
500 2832 641 2895 dextera
656 2833 827 2914 potentiae
843 2842 919 2895 tuae
936 2853 997 2894 nos
1014 2830 1136 2915 ubique
1152 2841 1306 2914 protegat
1322 2842 1356 2896 et

156 2928 257 2999 regat
274 2939 332 3000 per
346 2917 514 2981 christum.

603 3034 665 3097 Ad
683 3036 907 3115 conplendmn.

201 3146 325 3210 Diuina
355 3145 497 3210 libantes
529 3148 688 3228 mysteria
716 3168 802 3230 quae
832 3168 892 3230 pro
924 3148 1140 3211 ueneratione
1166 3157 1355 3211 sanctorum

155 3244 288 3297 tuorum
313 3243 390 3296 tuae
412 3233 593 3296 obtulimus
610 3235 781 3297 maiestati.
806 3244 937 3317 praesta
960 3255 1139 3317 quesumus
1163 3235 1298 3298 domine
1321 3245 1357 3297 ut

157 3340 216 3402 per
226 3341 266 3383 ea
281 3322 413 3384 ueniam
432 3341 616 3383 mereamur
637 3331 857 3403 peccatorum.
882 3331 915 3385 et
938 3322 1089 3385 caelestis
1112 3324 1238 3403 gratiae
1261 3322 1357 3385 donis

156 3406 347 3471 reficiamur.
364 3428 423 3489 per
438 3408 610 3471 dominum
627 3420 785 3471 nostrum.

622 3538 730 3618 Super
734 3538 897 3618 populum.

202 3650 255 3713 Da
270 3659 403 3714 aeterne
419 3650 654 3713 consolationis
670 3660 764 3732 pater
786 3671 844 3732 per
859 3659 1049 3713 sanctorum
1074 3660 1205 3714 tuorum
1225 3669 1359 3730 praeces

155 3736 280 3822 populo
295 3748 353 3800 tuo
369 3758 485 3819 pacem
502 3746 536 3800 et
552 3736 701 3801 salutern.
712 3746 749 3800 ut
761 3738 826 3799 tuis
836 3746 908 3799 tota
917 3736 1094 3799 dilectione
1106 3736 1254 3799 inhereat
1267 3756 1358 3817 prae-

153 3825 268 3974 ‹cieptis
293 3833 326 3887 ct
353 3844 438 3906 quae
461 3823 522 3886 tibi
548 3823 670 3906 placita
696 3836 773 3887 sunt
797 3833 869 3886 tota
894 3822 1083 3904 perficiantl
1098 3824 1276 3886 uoluntate.
1302 3843 1360 3904 per

178 3930 336 3975 ominum.

440 4045 555 4107 M1ssn
579 4058 628 4107 nu
652 4044 812 4109 Sancus
837 4043 1077 4107 Urncunuus.

203 4157 428 4240 Fragilitatem
445 4165 593 4219 nostram
618 4176 796 4238 quesumus
821 4156 1033 4237 omnipotens
1048 4156 1183 4219 domine
1201 4166 1361 4238 perpetuo

155 4254 305 4309 sustenta
329 4244 519 4307 munimine.
542 4252 576 4306 et
598 4263 657 4325 per
679 4243 821 4324 gloriosa
843 4252 1033 4305 sanctarum
1057 4244 1221 4325 uirginum
1245 4244 1363 4307 merita

157 4351 296 4413 quarum
318 4332 472 4415 [corpora
487 4331 520 4393 in
536 4331 700 4412 praesenti
726 4329 934 4411 requiescunt
958 4328 1034 4393 aula
1060 4331 1166 4393 tribue
1194 4326 1251 4413 [so.
1272 4345 1360 4411 179v.

158 4417 255 4482 nobis
265 4418 433 4481 mundane
449 4416 529 4481 lucis
539 4416 801 4500 prosperitatem.
808 4425 842 4479 et
852 4415 998 4494 aetherie
1008 4416 1223 4480 beatitudinis
1234 4436 1359 4480 recom-

155 4504 395 4589 pensationem.
410 4524 477 4588 per.
