3038 5106
364 348 600 415 mssassgr’no
624 347 730 402 wws
748 348 880 412 ATQUE
899 346 1124 403 onmem.
1300 360 1347 414 311

703 560 811 627 Auri„

200 700 329 764 Pietate
366 708 424 763 tua
461 718 640 782 quesumus
684 698 820 762 domine
863 708 1051 763 nostrorum
1088 699 1180 765 solue
1217 700 1350 765 uincula

153 789 303 851 omnium
327 786 532 850 delictorum.
555 794 589 848 et
611 786 835 849 intercedente
856 785 955 849 beata
980 787 1034 850 dei
1056 788 1223 869 genetrice
1246 789 1349 851 maria

154 883 256 956 atque
271 883 387 937 sancto
402 883 497 957 petro
511 871 675 955 lapostolo
690 883 749 936 tuo
763 892 838 936 cum
854 872 1008 936 omnibus
1024 875 1145 937 sanctis
1155 875 1220 938 tuis
1236 894 1347 957 regem

154 969 304 1025 nostrum
334 970 435 1042 atque
461 959 652 1041 pontificem
682 959 752 1022 siue
774 979 908 1022 omnem
932 960 1062 1042 plebem
1086 960 1149 1023 illis
1171 962 1347 1024 comissam

154 1059 188 1112 ct
219 1067 280 1110 nos
310 1047 452 1109 famulos
483 1057 558 1109 tuos
588 1056 689 1127 atque
719 1045 828 1108 locum
860 1048 959 1109 istum
991 1047 1023 1108 in
1054 1048 1145 1110 omni
1172 1049 1349 1111 sanctitate

153 1134 292 1199 custodi.
314 1153 495 1215 omnesque
518 1131 678 1195 affinitate
701 1132 753 1195 uel
777 1133 999 1197 familiaritate
1021 1134 1116 1196 nobis
1139 1135 1267 1198 iunctos
1290 1154 1348 1198 seu

152 1240 270 1285 omnes
299 1221 495 1283 christianos
524 1240 544 1282 a
574 1221 662 1283 uitiis
692 1240 805 1301 purga.
828 1221 1004 1284 uirtutibus
1027 1221 1160 1283 illustra.
1183 1241 1299 1303 pacem
1315 1232 1349 1285 et

152 1309 295 1372 salutem
326 1308 421 1370 nobis
452 1306 566 1370 tribue.
597 1306 708 1369 hostes
739 1307 883 1369 uisibiles
921 1318 954 1370 et
992 1308 1173 1370 inuisibilcs
1207 1328 1349 1372 remoue.

153 1395 295 1458 inimicis
311 1396 431 1458 nostris
447 1394 622 1456 karitatem
647 1393 773 1474 largire.
797 1404 830 1456 et
853 1395 1008 1457 omnibus
1032 1394 1184 1458 fidelibus
1208 1395 1292 1458 uiuis
1316 1406 1349 1458 et

153 1481 318 1545 defunctis
334 1482 366 1543 in
384 1491 471 1544 terra
486 1481 670 1543 uiuentium
686 1481 789 1542 uitam
807 1491 839 1543 et
856 1482 1002 1563 requiem
1015 1491 1183 1544 aeternam
1196 1483 1350 1545 concede.

152 1588 220 1651 per.

673 1669 852 1753 [Secret‹z¹.]

199 1784 292 1847 Deus
315 1785 371 1865 qui
398 1781 556 1863 singulari
586 1784 732 1864 corporis
755 1783 802 1846 tui
826 1782 935 1845 hostia
959 1785 1060 1846 totius
1084 1784 1199 1846 mundi
1221 1782 1350 1846 soluisti

153 1869 283 1934 delicta
310 1890 349 1933 ac
374 1870 543 1932 oblatione
567 1869 718 1951 placatus
745 1870 890 1932 maculas
915 1870 1074 1933 scelerum
1091 1881 1277 1934 nostrorum
1293 1869 1351 1933 ab·

153 1966 271 2040 sterge.
287 1968 320 2021 et
344 1958 494 2019 omnium
509 1956 762 2019 christianorum
786 1956 931 2019 fidelium
963 1958 1113 2020 uiuorum
1137 1969 1239 2039 atque
1265 1977 1351 2020 mor-

153 2054 286 2107 tuorum
303 2055 441 2127 peccata
456 2045 595 2107 dimitte.
611 2044 724 2124 eisque
740 2044 886 2125 praemia
901 2054 1035 2107 aeterna
1050 2047 1202 2109 concede.
1219 2065 1284 2126 per.

602 2179 666 2243 Ad
681 2179 905 2261 complendum.

199 2292 342 2376 Sumpta
358 2312 537 2375 quesumus
555 2292 691 2355 domine
713 2302 919 2355 sacramenta
942 2293 1054 2356 omnia
1076 2293 1214 2356 crimina
1237 2302 1350 2357 nostra

154 2381 338 2462 detergant.
369 2400 569 2460 omnemque
599 2380 797 2463 prauitatem
828 2390 861 2442 et
897 2379 1122 2443 infirmitatem
1160 2400 1217 2442 seu
1248 2381 1348 2443 ctiam

153 2466 316 2531 hosticam
355 2466 478 2529 rabiem
516 2477 617 2548 atque
653 2466 797 2529 subitam
829 2477 969 2529 mortem
1001 2468 1125 2529 meritis
1159 2477 1348 2530 sanctorum

154 2555 303 2618 omnium
320 2575 340 2615 a
363 2554 458 2616 nobis
481 2553 594 2635 procul
618 2553 779 2635 repellant
802 2563 835 2616 et
858 2554 1012 2616 omnibus
1036 2553 1187 2617 fidelibus
1211 2555 1294 2617 uiuis
1316 2563 1350 2618 et

154 2640 320 2705 defunctis
348 2642 474 2722 prosint
498 2642 540 2703 ad
565 2641 705 2703 ueniam.
723 2661 782 2723 pro
797 2660 937 2721 quorum
961 2661 1167 2722 quarumque
1189 2640 1249 2704 tibi
1272 2650 1350 2705 sunt

153 2727 268 2792 oblata
283 2727 398 2790 salute.
414 2748 480 2809 per.

640 2927 735 2990 leun
759 2926 864 2991 Arm.

198 3064 398 3131 Sanctorum
429 3075 560 3128 tuorum
592 3065 880 3128 intercessionibus
909 3085 1088 3146 quesumus
1117 3064 1253 3128 domine
1289 3085 1351 3129 nos

155 3163 292 3236 protege
316 3152 447 3215 famulis
470 3163 503 3215 et
526 3150 713 3214 famulabus
736 3153 808 3214 tuis.
832 3173 972 3234 quorum
998 3153 1348 3215 commemorationem

154 3240 293 3323 agimus.
324 3239 376 3302 uel
407 3259 546 3319 quorum
577 3237 773 3301 elemosinas
805 3240 987 3322 recipimus.
1017 3259 1075 3301 seu
1098 3239 1198 3301 etiam
1222 3239 1273 3301 his
1293 3240 1349 3322 qui

155 3327 252 3390 nobis
267 3327 491 3389 familiaritate
507 3326 608 3387 iuncti
623 3334 701 3388 sunt
717 3326 974 3388 miscricordiam
996 3336 1088 3389 tuam
1111 3326 1234 3407 ubique
1256 3346 1350 3409 prae-

154 3414 256 3476 tende
278 3424 314 3476 ut
338 3413 380 3474 ab
392 3413 545 3474 omnibus
569 3412 862 3494 inpugnationibus
893 3413 1027 3475 defensi.
1051 3422 1108 3475 tua
1131 3412 1350 3495 opitulatione

153 3500 331 3564 saluentur.
348 3509 381 3562 et
394 3500 521 3562 animas
532 3497 745 3582 (famulorum
756 3499 1020 3580 famularumque
1035 3510 1166 3562 tuarum
1183 3498 1239 3581 [f0.
1256 3516 1349 3579 224v.

154 3588 304 3650 omnium
321 3587 474 3649 uidelicet
490 3586 637 3650 fidelium
660 3586 897 3648 catholicorum
920 3586 1183 3649 orthodoxorum
1207 3606 1348 3667 quorum

155 3674 505 3737 commemorationem
518 3675 656 3754 agimus.
672 3682 706 3735 et
717 3692 857 3753 quorum
868 3693 1006 3754 corpora
1021 3674 1053 3735 in
1070 3673 1132 3736 hoc
1149 3674 1351 3736 monasterio

155 3761 373 3843 requiescunt.
404 3759 457 3822 uel
487 3779 628 3840 quorum
659 3760 796 3822 nomina
822 3769 900 3822 ante
930 3769 1080 3822 sanctum
1119 3760 1223 3822 altare
1253 3770 1348 3822 tuum

155 3849 277 3929 scripta
306 3849 424 3910 adesse
453 3847 614 3909 uidentur.
644 3846 824 3909 electorum
863 3857 996 3910 tuorum
1034 3848 1168 3929 iungere
1205 3847 1352 3929 digneris

154 3934 329 3999 consortio.
346 3954 405 4017 per
419 3933 592 3996 dominum
608 3943 767 3997 nostrum.

686 4068 824 4133 Secreta.

200 4182 384 4265 Propitiare
407 4181 542 4245 domine
564 4180 863 4263 supplicationibus
886 4181 1007 4245 nostris
1029 4190 1063 4244 et
1084 4180 1145 4245 has
1167 4180 1355 4245 oblationes

155 4290 239 4354 quas
255 4290 316 4353 pro
331 4268 559 4332 incolomitate
573 4267 772 4332 famulorum
789 4267 1053 4351 famularumque
1072 4276 1212 4332 tuarum.
1235 4277 1270 4332 et
1292 4286 1355 4350 pro

155 4357 332 4422 animabus
347 4356 497 4421 omnium
513 4354 660 4420 fidelium
676 4355 913 4421 catholicorum
924 4354 1197 4419 orthodoxorum.
1211 4374 1354 4439 quorum

546 4500 556 4535 ¹
572 4504 694 4571 nerag
703 4503 809 4557 omitted
820 4504 848 4555 u
859 4502 917 4557 us.
