3038 5106
466 356 582 409 HEBD.
616 358 642 408 V.
673 357 811 422 QUADR.
854 356 969 410 FERIA
1000 359 1029 411 V.

602 527 666 592 Ad
674 529 902 610 complendum.

198 642 251 705 Da
277 662 457 723 quesumus
484 641 698 724 omnipotens
718 642 801 705 deus
824 651 860 705 ut
885 662 972 723 quae
994 641 1109 706 diuina
1131 652 1210 707 sunt
1232 643 1358 727 iugiter

153 738 365 811 exequentes.
411 729 508 791 donis
549 749 735 792 mereamur
779 728 976 792 caelestibus
1021 731 1254 814 propinquare.
1296 753 1359 815 per

153 817 326 880 dominum
343 825 500 879 nostrum.

612 919 720 1002 Super
725 919 886 1002 populum.

199 1033 253 1095 Da
275 1032 371 1095 nobis
394 1052 574 1113 quesumus
596 1032 731 1096 domine
754 1042 1019 1114 perseuerantem
1044 1033 1075 1096 in
1100 1043 1158 1097 tua
1180 1035 1360 1099 uoluntate

155 1119 360 1183 famulatum.
387 1130 423 1181 ut
447 1120 479 1180 in
503 1120 619 1182 diebus
642 1119 763 1181 nostris
786 1129 819 1182 et
842 1120 961 1184 merito
983 1132 1017 1184 et
1039 1141 1178 1185 numero
1210 1124 1359 1206 populus

154 1207 215 1270 tibi
231 1207 377 1269 seruiens
393 1217 561 1288 augeatur.
577 1227 637 1289 per
647 1206 829 1269 dominum.

638 1392 757 1455 Fanni
782 1392 865 1455 1111.

198 1523 413 1589 Sanctificato
429 1522 491 1584 hoc
508 1523 630 1585 ieiunio
645 1524 726 1585 deus
742 1521 843 1585 corda
859 1521 1006 1585 fidelium
1024 1523 1198 1587 miserator
1214 1524 1356 1589 illustra.

153 1621 187 1676 et
217 1612 337 1693 quibus
367 1611 554 1673 deuotionis
585 1619 733 1692 praestas
758 1608 923 1673 affectum.
948 1612 1069 1693 praebe
1090 1612 1359 1694 supplicantibus

154 1700 245 1781 pium
263 1699 425 1780 benignus
441 1697 611 1760 auxilium.
629 1717 694 1779 per.

687 1830 823 1896 Secreta.

198 1946 320 2009 Annue
337 1943 520 2006 misericors
536 1944 617 2007 deus
633 1953 669 2007 ut
684 1944 810 2008 hostias
826 1942 1021 2026 placationis
1037 1951 1071 2006 et
1086 1941 1201 2007 laudis.
1218 1943 1352 2008 sincero

154 2034 214 2096 tibi
231 2033 417 2095 deseramus
433 2032 602 2113 obsequio.
619 2051 678 2113 per
693 2033 866 2095 dominum
883 2039 1042 2094 nostrum.

664 2166 845 2246 Praefatio.

199 2282 248 2343 ff)
275 2291 408 2342 aeterne
432 2281 522 2342 deus.
562 2280 608 2343 Et
630 2287 664 2342 te
694 2278 834 2360 supplici
859 2278 1038 2342 deuotione
1061 2298 1207 2341 exorare.
1232 2287 1270 2342 ut
1296 2300 1357 2362 per

154 2367 276 2429 ieiunia
300 2386 385 2448 quae
412 2367 511 2429 sacris
546 2365 705 2429 institutis
742 2366 947 2446 exequimur.
980 2379 1013 2444 (a
1043 2366 1170 2430 cunctis
1196 2365 1252 2447 [lo.
1282 2382 1352 2446 55v.

154 2454 299 2517 reatibus
335 2455 507 2516 emundari
547 2473 737 2515 mereamur.
775 2463 935 2533 tuamque
974 2453 1141 2534 percipere
1182 2452 1353 2515 ualeamus

154 2541 431 2623 propitiationem.
449 2541 504 2621 qui
522 2558 757 2622 praeparamur
775 2539 816 2600 ad
833 2538 1090 2603 caelebrandum
1111 2540 1273 2622 unigeniti
1298 2539 1353 2602 filii

155 2629 202 2690 tui
215 2629 411 2710 passionem.
428 2646 601 2709 perquem
619 2627 825 2689 maiestatem
842 2637 944 2690 tuam.

605 2761 668 2826 Ad
678 2762 901 2843 complendum.

199 2878 360 2942 Caelestis
375 2877 455 2941 doni
482 2875 715 2938 benedictione
738 2883 895 2957 percepta
912 2875 1077 2955 supplices
1093 2883 1126 2936 te
1143 2874 1226 2937 deus
1249 2875 1354 2937 omni-

155 2975 273 3047 potens
285 2965 528 3045 depraecamur.
543 2971 579 3024 ut
591 2961 654 3024 hoc
670 2961 758 3024 idem
776 2962 872 3024 nobis
888 2971 922 3023 et
938 2963 1134 3031 sacramenti
1152 2981 1252 3025 causa
1264 2963 1307 3025 sit
1323 2975 1355 3024 et

155 3052 277 3115 salutis.
295 3072 353 3133 per
368 3051 549 3114 dominum.

618 3159 726 3240 Super
732 3159 896 3240 populum.

200 3274 331 3337 Adesto
368 3269 666 3355 supplicationibus
698 3273 819 3333 nostris
849 3271 1063 3352 omnipotens
1093 3271 1184 3333 deus.
1216 3270 1271 3347 ut†
1300 3275 1356 3356 qui

156 3361 311 3424 fiduciam
342 3362 505 3441 sperande
536 3359 670 3439 pietatis
701 3359 860 3440 indulges.
892 3369 1072 3422 consuetae
1111 3360 1357 3424 misericordiae

155 3450 263 3515 tribue
280 3448 443 3530 benignus
459 3445 622 3509 eflectum.
639 3465 704 3526 per.

707 3627 826 3688 Fanni
849 3626 889 3688 V.

200 3767 336 3829 Praesta
362 3783 541 3844 quesumus
568 3762 780 3843 omnipotens
810 3764 892 3825 deus
917 3772 954 3826 ut
981 3763 1127 3845 dignitas
1153 3763 1357 3828 conditionis

156 3854 322 3916 humanae
350 3871 408 3931 per
432 3850 709 3913 inmoderantiam
734 3852 880 3913 sauciata
904 3851 1110 3914 medicinalis
1133 3852 1358 3933 parsimoniae

157 3941 268 4004 studio
284 3935 486 4000 reformetur.
504 3958 562 4019 per
578 3939 750 4000 dominum
767 3947 926 4001 nostrum.

689 4071 825 4136 Secreta.

201 4187 347 4252 Domine
377 4184 460 4247 deus
490 4192 603 4245 noster
632 4185 688 4265 qui
718 4185 752 4246 in
782 4184 834 4246 his
864 4185 975 4267 potius
1005 4183 1161 4246 creaturis
1192 4203 1277 4265 quas
1313 4184 1354 4247 ad

157 4274 344 4356 fragilitatis
371 4281 504 4333 nostrae
534 4271 717 4333 subsidium
750 4273 936 4334 condidisti.
968 4281 1027 4333 tuo
1063 4290 1196 4352 quoque
1228 4271 1356 4334 nomini

159 4382 295 4426 munera
319 4360 439 4422 iussisti
464 4359 606 4420 dicanda
629 4359 793 4421 constitui.
817 4357 924 4421 tribue
947 4378 1127 4439 quesumus
1150 4368 1244 4421 utet
1267 4359 1357 4421 uitae

157 4450 254 4512 nobis
270 4447 453 4530 praesentis
469 4445 640 4508 auxilium.
657 4455 690 4509 et
714 4445 919 4509 aeternitatis
943 4445 1086 4509 efficiant
1099 4455 1354 4509 sacramentum.

154 4558 220 4621 per.
