<?xml version="1.0" encoding="UTF-8"?>
<!DOCTYPE html PUBLIC "-//W3C//DTD XHTML 1.0 Transitional//EN"
    "http://www.w3.org/TR/xhtml1/DTD/xhtml1-transitional.dtd">
<html xmlns="http://www.w3.org/1999/xhtml" xml:lang="en" lang="en">
 <head>
  <title>
</title>
<meta http-equiv="Content-Type" content="text/html;charset=utf-8" />
  <meta name='ocr-system' content='tesseract 3.04.00' />
  <meta name='ocr-capabilities' content='ocr_page ocr_carea ocr_par ocr_line ocrx_word'/>
</head>
<body>
  <div class='ocr_page' id='page_1' title='image "./missalrobertjum00wilsgoog_0270.png"; bbox 0 0 3038 5106; ppageno 0'>
   <div class='ocr_carea' id='block_1_1' title="bbox 512 341 1150 395">
    <p class='ocr_par' dir='ltr' id='par_1_1' title="bbox 512 341 1150 395">
     <span class='ocr_line' id='line_1_1' title="bbox 512 341 1150 395; baseline 0 0"><span class='ocrx_word' id='word_1_1' title='bbox 512 342 540 395; x_wconf 81' lang='lat' dir='ltr'>V.</span> <span class='ocrx_word' id='word_1_2' title='bbox 567 342 619 393; x_wconf 89' lang='lat' dir='ltr'>ID.</span> <span class='ocrx_word' id='word_1_3' title='bbox 650 341 725 394; x_wconf 85' lang='lat' dir='ltr'>IUL.</span> <span class='ocrx_word' id='word_1_4' title='bbox 753 342 841 394; x_wconf 84' lang='grc' dir='ltr'><em>ΝΑΤ.</em></span> <span class='ocrx_word' id='word_1_5' title='bbox 870 343 898 393; x_wconf 91' lang='lat' dir='ltr'>S.</span> <span class='ocrx_word' id='word_1_6' title='bbox 928 343 1150 395; x_wconf 80' lang='lat' dir='ltr'><em>BENEDICTI.</em></span> 
     </span>
    </p>
   </div>
   <div class='ocr_carea' id='block_1_2' title="bbox 545 518 1112 585">
    <p class='ocr_par' dir='ltr' id='par_1_2' title="bbox 545 518 1112 585">
     <span class='ocr_line' id='line_1_2' title="bbox 545 518 1112 585; baseline 0.004 -3"><span class='ocrx_word' id='word_1_7' title='bbox 545 520 589 582; x_wconf 88' lang='lat' dir='ltr'>lu</span> <span class='ocrx_word' id='word_1_8' title='bbox 614 518 793 585; x_wconf 74' lang='lat' dir='ltr'>Ocmuns</span> <span class='ocrx_word' id='word_1_9' title='bbox 815 520 1112 585; x_wconf 68' lang='lat' dir='ltr'>Anosrououuu.</span> 
     </span>
    </p>
   </div>
   <div class='ocr_carea' id='block_1_3' title="bbox 226 631 1437 1062">
    <p class='ocr_par' dir='ltr' id='par_1_3' title="bbox 226 631 1437 1062">
     <span class='ocr_line' id='line_1_3' title="bbox 272 631 1433 716; baseline 0.003 -23"><span class='ocrx_word' id='word_1_10' title='bbox 272 631 380 715; x_wconf 63' lang='lat' dir='ltr'>[Deus</span> <span class='ocrx_word' id='word_1_11' title='bbox 396 632 489 695; x_wconf 91' lang='lat' dir='ltr'>cuius</span> <span class='ocrx_word' id='word_1_12' title='bbox 505 632 646 695; x_wconf 84' lang='lat' dir='ltr'>dextera</span> <span class='ocrx_word' id='word_1_13' title='bbox 660 632 797 695; x_wconf 87' lang='lat' dir='ltr'>beatum</span> <span class='ocrx_word' id='word_1_14' title='bbox 809 644 940 715; x_wconf 86' lang='lat' dir='ltr'>petrum</span> <span class='ocrx_word' id='word_1_15' title='bbox 950 634 1140 716; x_wconf 91' lang='lat' dir='ltr'>apostolum</span> <span class='ocrx_word' id='word_1_16' title='bbox 1151 632 1267 695; x_wconf 87' lang='lat' dir='ltr'>ambu·</span> <span class='ocrx_word' id='word_1_17' title='bbox 1285 632 1343 714; x_wconf 86' lang='lat' dir='ltr'>[lo.</span> <span class='ocrx_word' id='word_1_18' title='bbox 1363 648 1433 713; x_wconf 79' lang='lat'>135.</span> 
     </span>
     <span class='ocr_line' id='line_1_4' title="bbox 231 718 1435 802; baseline 0.002 -22"><span class='ocrx_word' id='word_1_19' title='bbox 231 718 355 781; x_wconf 90' lang='lat' dir='ltr'>lantem</span> <span class='ocrx_word' id='word_1_20' title='bbox 373 720 405 781; x_wconf 92' lang='lat' dir='ltr'>in</span> <span class='ocrx_word' id='word_1_21' title='bbox 417 718 571 783; x_wconf 84' lang='lat' dir='ltr'>fluctibus</span> <span class='ocrx_word' id='word_1_22' title='bbox 581 740 623 782; x_wconf 88' lang='lat' dir='ltr'>ne</span> <span class='ocrx_word' id='word_1_23' title='bbox 634 730 837 801; x_wconf 85' lang='lat' dir='ltr'>mergeretur</span> <span class='ocrx_word' id='word_1_24' title='bbox 851 721 966 783; x_wconf 87' lang='lat' dir='ltr'>erexit</span> <span class='ocrx_word' id='word_1_25' title='bbox 980 729 1013 783; x_wconf 91' lang='lat' dir='ltr'>et</span> <span class='ocrx_word' id='word_1_26' title='bbox 1025 720 1255 802; x_wconf 91' lang='lat' dir='ltr'>coapostolum</span> <span class='ocrx_word' id='word_1_27' title='bbox 1267 723 1341 782; x_wconf 87' lang='lat' dir='ltr'>eius</span> <span class='ocrx_word' id='word_1_28' title='bbox 1351 741 1435 802; x_wconf 91' lang='lat' dir='ltr'>pau·</span> 
     </span>
     <span class='ocr_line' id='line_1_5' title="bbox 229 806 1437 889; baseline 0.003 -23"><span class='ocrx_word' id='word_1_29' title='bbox 229 806 306 868; x_wconf 91' lang='lat' dir='ltr'>lum.</span> <span class='ocrx_word' id='word_1_30' title='bbox 323 808 420 870; x_wconf 89' lang='lat' dir='ltr'>tertio</span> <span class='ocrx_word' id='word_1_31' title='bbox 437 807 689 889; x_wconf 79' lang='lat' dir='ltr'>naufragantem</span> <span class='ocrx_word' id='word_1_32' title='bbox 702 811 745 868; x_wconf 91' lang='lat' dir='ltr'>de</span> <span class='ocrx_word' id='word_1_33' title='bbox 761 806 926 889; x_wconf 78' lang='lat' dir='ltr'>profundo</span> <span class='ocrx_word' id='word_1_34' title='bbox 937 807 1044 889; x_wconf 85' lang='lat' dir='ltr'>pelagi</span> <span class='ocrx_word' id='word_1_35' title='bbox 1061 808 1221 870; x_wconf 84' lang='lat' dir='ltr'>liberauit.</span> <span class='ocrx_word' id='word_1_36' title='bbox 1234 809 1362 870; x_wconf 84' lang='lat' dir='ltr'>exaudi</span> <span class='ocrx_word' id='word_1_37' title='bbox 1375 827 1437 870; x_wconf 90' lang='lat' dir='ltr'>nos</span> 
     </span>
     <span class='ocr_line' id='line_1_6' title="bbox 229 893 1436 975; baseline 0.002 -22"><span class='ocrx_word' id='word_1_38' title='bbox 229 894 398 974; x_wconf 87' lang='lat' dir='ltr'>propitius.</span> <span class='ocrx_word' id='word_1_39' title='bbox 415 904 448 955; x_wconf 89' lang='lat' dir='ltr'>et</span> <span class='ocrx_word' id='word_1_40' title='bbox 464 894 609 956; x_wconf 84' lang='lat' dir='ltr'>concede</span> <span class='ocrx_word' id='word_1_41' title='bbox 626 904 662 956; x_wconf 92' lang='lat' dir='ltr'>ut</span> <span class='ocrx_word' id='word_1_42' title='bbox 678 893 853 956; x_wconf 88' lang='lat' dir='ltr'>amborum</span> <span class='ocrx_word' id='word_1_43' title='bbox 871 895 995 956; x_wconf 90' lang='lat' dir='ltr'>meritis</span> <span class='ocrx_word' id='word_1_44' title='bbox 1006 895 1188 957; x_wconf 89' lang='lat' dir='ltr'>eternitatis</span> <span class='ocrx_word' id='word_1_45' title='bbox 1200 894 1345 975; x_wconf 87' lang='lat' dir='ltr'>gloriam</span> <span class='ocrx_word' id='word_1_46' title='bbox 1356 915 1436 957; x_wconf 93' lang='lat' dir='ltr'>con-</span> 
     </span>
     <span class='ocr_line' id='line_1_7' title="bbox 226 982 852 1062; baseline 0.005 -21"><span class='ocrx_word' id='word_1_47' title='bbox 226 999 413 1060; x_wconf 77' lang='lat' dir='ltr'>sequamur.</span> <span class='ocrx_word' id='word_1_48' title='bbox 428 1001 487 1062; x_wconf 90' lang='lat' dir='ltr'>per</span> <span class='ocrx_word' id='word_1_49' title='bbox 502 982 676 1043; x_wconf 89' lang='lat' dir='ltr'>dominum</span> <span class='ocrx_word' id='word_1_50' title='bbox 693 990 852 1044; x_wconf 82' lang='lat' dir='ltr'>nostrum.</span> 
     </span>
    </p>
   </div>
   <div class='ocr_carea' id='block_1_4' title="bbox 759 1102 896 1165">
    <p class='ocr_par' dir='ltr' id='par_1_4' title="bbox 759 1102 896 1165">
     <span class='ocr_line' id='line_1_8' title="bbox 759 1102 896 1165; baseline -0.015 0"><span class='ocrx_word' id='word_1_51' title='bbox 759 1102 896 1165; x_wconf 78' lang='lat' dir='ltr'>Secreta.</span> 
     </span>
    </p>
   </div>
   <div class='ocr_carea' id='block_1_5' title="bbox 227 1210 1438 1448">
    <p class='ocr_par' dir='ltr' id='par_1_5' title="bbox 227 1210 1438 1448">
     <span class='ocr_line' id='line_1_9' title="bbox 272 1210 1438 1295; baseline 0.001 -20"><span class='ocrx_word' id='word_1_52' title='bbox 272 1210 452 1275; x_wconf 81' lang='lat' dir='ltr'>Offerimus</span> <span class='ocrx_word' id='word_1_53' title='bbox 463 1212 522 1274; x_wconf 88' lang='lat' dir='ltr'>tibi</span> <span class='ocrx_word' id='word_1_54' title='bbox 540 1213 675 1275; x_wconf 93' lang='lat' dir='ltr'>domine</span> <span class='ocrx_word' id='word_1_55' title='bbox 687 1232 821 1293; x_wconf 83' lang='lat' dir='ltr'>praeces</span> <span class='ocrx_word' id='word_1_56' title='bbox 831 1224 864 1275; x_wconf 88' lang='lat' dir='ltr'>et</span> <span class='ocrx_word' id='word_1_57' title='bbox 878 1233 1024 1275; x_wconf 89' lang='lat' dir='ltr'>munera.</span> <span class='ocrx_word' id='word_1_58' title='bbox 1038 1233 1123 1294; x_wconf 90' lang='lat' dir='ltr'>quae</span> <span class='ocrx_word' id='word_1_59' title='bbox 1133 1224 1170 1276; x_wconf 92' lang='lat' dir='ltr'>ut</span> <span class='ocrx_word' id='word_1_60' title='bbox 1182 1214 1320 1276; x_wconf 89' lang='lat' dir='ltr'>tuosint</span> <span class='ocrx_word' id='word_1_61' title='bbox 1331 1215 1438 1295; x_wconf 85' lang='lat' dir='ltr'>digna</span> 
     </span>
     <span class='ocr_line' id='line_1_10' title="bbox 227 1300 1437 1381; baseline 0.002 -21"><span class='ocrx_word' id='word_1_62' title='bbox 227 1300 428 1380; x_wconf 87' lang='lat' dir='ltr'>conspectui.</span> <span class='ocrx_word' id='word_1_63' title='bbox 445 1300 671 1380; x_wconf 87' lang='lat' dir='ltr'>apostolorum</span> <span class='ocrx_word' id='word_1_64' title='bbox 688 1310 821 1362; x_wconf 92' lang='lat' dir='ltr'>tuorum</span> <span class='ocrx_word' id='word_1_65' title='bbox 840 1301 1011 1381; x_wconf 88' lang='lat' dir='ltr'>praecibus</span> <span class='ocrx_word' id='word_1_66' title='bbox 1027 1302 1232 1363; x_wconf 91' lang='lat' dir='ltr'>adiuuemur.</span> <span class='ocrx_word' id='word_1_67' title='bbox 1248 1321 1310 1381; x_wconf 93' lang='lat' dir='ltr'>per</span> <span class='ocrx_word' id='word_1_68' title='bbox 1326 1301 1437 1363; x_wconf 92' lang='lat' dir='ltr'>domi·</span> 
     </span>
     <span class='ocr_line' id='line_1_11' title="bbox 228 1406 315 1448; baseline 0.011 -2"><span class='ocrx_word' id='word_1_69' title='bbox 228 1406 315 1448; x_wconf 90' lang='lat' dir='ltr'>uum.</span> 
     </span>
    </p>
   </div>
   <div class='ocr_carea' id='block_1_6' title="bbox 738 1506 919 1586">
    <p class='ocr_par' dir='ltr' id='par_1_6' title="bbox 738 1506 919 1586">
     <span class='ocr_line' id='line_1_12' title="bbox 738 1506 919 1586; baseline 0.006 -18"><span class='ocrx_word' id='word_1_70' title='bbox 738 1506 919 1586; x_wconf 64' lang='lat' dir='ltr'>Praefatae.</span> 
     </span>
    </p>
   </div>
   <div class='ocr_carea' id='block_1_7' title="bbox 226 1619 1438 1961">
    <p class='ocr_par' dir='ltr' id='par_1_7' title="bbox 226 1619 1438 1961">
     <span class='ocr_line' id='line_1_13' title="bbox 272 1619 1438 1703; baseline 0.002 -20"><span class='ocrx_word' id='word_1_71' title='bbox 272 1620 321 1683; x_wconf 75' lang='lat' dir='ltr'>ff)</span> <span class='ocrx_word' id='word_1_72' title='bbox 348 1629 480 1682; x_wconf 87' lang='lat' dir='ltr'>aeterne</span> <span class='ocrx_word' id='word_1_73' title='bbox 511 1621 600 1681; x_wconf 91' lang='lat' dir='ltr'>deus.</span> <span class='ocrx_word' id='word_1_74' title='bbox 647 1619 691 1681; x_wconf 93' lang='lat' dir='ltr'>Et</span> <span class='ocrx_word' id='word_1_75' title='bbox 719 1620 927 1682; x_wconf 89' lang='lat' dir='ltr'>maiestatem</span> <span class='ocrx_word' id='word_1_76' title='bbox 955 1631 1046 1682; x_wconf 89' lang='lat' dir='ltr'>tuam</span> <span class='ocrx_word' id='word_1_77' title='bbox 1078 1620 1218 1703; x_wconf 93' lang='lat' dir='ltr'>supplici</span> <span class='ocrx_word' id='word_1_78' title='bbox 1248 1621 1438 1685; x_wconf 92' lang='lat' dir='ltr'>deuotione</span> 
     </span>
     <span class='ocr_line' id='line_1_14' title="bbox 227 1707 1436 1789; baseline 0.002 -21"><span class='ocrx_word' id='word_1_79' title='bbox 227 1727 365 1768; x_wconf 83' lang='lat' dir='ltr'>exorare</span> <span class='ocrx_word' id='word_1_80' title='bbox 382 1717 418 1768; x_wconf 91' lang='lat' dir='ltr'>ut</span> <span class='ocrx_word' id='word_1_81' title='bbox 436 1707 609 1768; x_wconf 88' lang='lat' dir='ltr'>beatorum</span> <span class='ocrx_word' id='word_1_82' title='bbox 626 1707 853 1788; x_wconf 90' lang='lat' dir='ltr'>apostolorum</span> <span class='ocrx_word' id='word_1_83' title='bbox 871 1718 1002 1769; x_wconf 90' lang='lat' dir='ltr'>tuorum</span> <span class='ocrx_word' id='word_1_84' title='bbox 1021 1708 1104 1788; x_wconf 91' lang='lat' dir='ltr'>petri</span> <span class='ocrx_word' id='word_1_85' title='bbox 1121 1720 1155 1769; x_wconf 92' lang='lat' dir='ltr'>et</span> <span class='ocrx_word' id='word_1_86' title='bbox 1171 1707 1267 1789; x_wconf 88' lang='lat' dir='ltr'>pauli.</span> <span class='ocrx_word' id='word_1_87' title='bbox 1286 1728 1436 1789; x_wconf 85' lang='lat' dir='ltr'>quorum</span> 
     </span>
     <span class='ocr_line' id='line_1_15' title="bbox 227 1793 1437 1858; baseline 0.003 -4"><span class='ocrx_word' id='word_1_88' title='bbox 227 1794 325 1855; x_wconf 89' lang='lat' dir='ltr'>hodie</span> <span class='ocrx_word' id='word_1_89' title='bbox 356 1795 444 1856; x_wconf 89' lang='lat' dir='ltr'>diem</span> <span class='ocrx_word' id='word_1_90' title='bbox 476 1804 632 1855; x_wconf 87' lang='lat' dir='ltr'>octauum</span> <span class='ocrx_word' id='word_1_91' title='bbox 671 1793 898 1855; x_wconf 85' lang='lat' dir='ltr'>caelebramus</span> <span class='ocrx_word' id='word_1_92' title='bbox 928 1796 1077 1856; x_wconf 88' lang='lat' dir='ltr'>obtentu.</span> <span class='ocrx_word' id='word_1_93' title='bbox 1110 1814 1296 1856; x_wconf 84' lang='lat' dir='ltr'>mereamur</span> <span class='ocrx_word' id='word_1_94' title='bbox 1336 1806 1437 1858; x_wconf 92' lang='lat' dir='ltr'>tuum</span> 
     </span>
     <span class='ocr_line' id='line_1_16' title="bbox 226 1880 1179 1961; baseline 0.004 -22"><span class='ocrx_word' id='word_1_95' title='bbox 226 1880 375 1942; x_wconf 87' lang='lat' dir='ltr'>obtinere</span> <span class='ocrx_word' id='word_1_96' title='bbox 391 1881 563 1942; x_wconf 86' lang='lat' dir='ltr'>auxilium.</span> <span class='ocrx_word' id='word_1_97' title='bbox 580 1900 638 1961; x_wconf 90' lang='lat' dir='ltr'>per</span> <span class='ocrx_word' id='word_1_98' title='bbox 654 1881 812 1942; x_wconf 91' lang='lat' dir='ltr'>christum</span> <span class='ocrx_word' id='word_1_99' title='bbox 830 1881 1002 1943; x_wconf 90' lang='lat' dir='ltr'>dominum</span> <span class='ocrx_word' id='word_1_100' title='bbox 1021 1893 1179 1943; x_wconf 90' lang='lat' dir='ltr'>nostrum.</span> 
     </span>
    </p>
   </div>
   <div class='ocr_carea' id='block_1_8' title="bbox 679 2017 974 2098">
    <p class='ocr_par' dir='ltr' id='par_1_8' title="bbox 679 2017 974 2098">
     <span class='ocr_line' id='line_1_17' title="bbox 679 2017 974 2098; baseline 0.003 -19"><span class='ocrx_word' id='word_1_101' title='bbox 679 2017 741 2079; x_wconf 78' lang='lat' dir='ltr'>Ad</span> <span class='ocrx_word' id='word_1_102' title='bbox 749 2017 974 2098; x_wconf 63' lang='lat' dir='ltr'>couplendum.</span> 
     </span>
    </p>
   </div>
   <div class='ocr_carea' id='block_1_9' title="bbox 225 2128 1438 2365">
    <p class='ocr_par' dir='ltr' id='par_1_9' title="bbox 225 2128 1438 2365">
     <span class='ocr_line' id='line_1_18' title="bbox 271 2128 1438 2213; baseline 0.004 -23"><span class='ocrx_word' id='word_1_103' title='bbox 271 2130 412 2209; x_wconf 89' lang='lat' dir='ltr'>Protege</span> <span class='ocrx_word' id='word_1_104' title='bbox 428 2131 562 2191; x_wconf 92' lang='lat' dir='ltr'>domine</span> <span class='ocrx_word' id='word_1_105' title='bbox 578 2128 739 2210; x_wconf 93' lang='lat' dir='ltr'>populum</span> <span class='ocrx_word' id='word_1_106' title='bbox 756 2140 850 2192; x_wconf 90' lang='lat' dir='ltr'>tuum</span> <span class='ocrx_word' id='word_1_107' title='bbox 868 2140 900 2192; x_wconf 92' lang='lat' dir='ltr'>et</span> <span class='ocrx_word' id='word_1_108' title='bbox 916 2130 1143 2210; x_wconf 89' lang='lat' dir='ltr'>apostolorum</span> <span class='ocrx_word' id='word_1_109' title='bbox 1161 2142 1294 2194; x_wconf 91' lang='lat' dir='ltr'>tuorum</span> <span class='ocrx_word' id='word_1_110' title='bbox 1321 2144 1438 2213; x_wconf 91' lang='lat' dir='ltr'>patro-</span> 
     </span>
     <span class='ocr_line' id='line_1_19' title="bbox 225 2215 1436 2299; baseline 0.003 -20"><span class='ocrx_word' id='word_1_111' title='bbox 225 2217 312 2279; x_wconf 84' lang='lat' dir='ltr'>ciuio</span> <span class='ocrx_word' id='word_1_112' title='bbox 335 2215 557 2279; x_wconf 77' lang='lat' dir='ltr'>confidentem</span> <span class='ocrx_word' id='word_1_113' title='bbox 585 2229 744 2298; x_wconf 86' lang='lat' dir='ltr'>perpetua</span> <span class='ocrx_word' id='word_1_114' title='bbox 770 2216 962 2279; x_wconf 81' lang='lat' dir='ltr'>defensione</span> <span class='ocrx_word' id='word_1_115' title='bbox 988 2237 1154 2279; x_wconf 89' lang='lat' dir='ltr'>conserua.</span> <span class='ocrx_word' id='word_1_116' title='bbox 1171 2238 1230 2299; x_wconf 89' lang='lat' dir='ltr'>per</span> <span class='ocrx_word' id='word_1_117' title='bbox 1253 2220 1436 2283; x_wconf 90' lang='lat' dir='ltr'>dominum</span> 
     </span>
     <span class='ocr_line' id='line_1_20' title="bbox 227 2313 384 2365; baseline 0 0"><span class='ocrx_word' id='word_1_118' title='bbox 227 2313 384 2365; x_wconf 87' lang='lat' dir='ltr'>nostrum.</span> 
     </span>
    </p>
   </div>
   <div class='ocr_carea' id='block_1_10' title="bbox 407 2498 1249 2564">
    <p class='ocr_par' dir='ltr' id='par_1_10' title="bbox 407 2498 1249 2564">
     <span class='ocr_line' id='line_1_21' title="bbox 407 2498 1249 2564; baseline -0.004 -3"><span class='ocrx_word' id='word_1_119' title='bbox 407 2516 453 2564; x_wconf 84' lang='lat' dir='ltr'>rr.</span> <span class='ocrx_word' id='word_1_120' title='bbox 480 2503 569 2564; x_wconf 77' lang='lat' dir='ltr'>lues</span> <span class='ocrx_word' id='word_1_121' title='bbox 596 2502 671 2563; x_wconf 69' lang='lat' dir='ltr'>lue.</span> <span class='ocrx_word' id='word_1_122' title='bbox 698 2500 852 2564; x_wconf 69' lang='lat' dir='ltr'>Ninus</span> <span class='ocrx_word' id='word_1_123' title='bbox 877 2498 1028 2563; x_wconf 71' lang='lat' dir='ltr'>Sumen</span> <span class='ocrx_word' id='word_1_124' title='bbox 1055 2498 1249 2560; x_wconf 78' lang='lat' dir='ltr'>Funruuu.</span> 
     </span>
    </p>
   </div>
   <div class='ocr_carea' id='block_1_11' title="bbox 227 2617 1436 2875">
    <p class='ocr_par' dir='ltr' id='par_1_11' title="bbox 227 2617 1436 2875">
     <span class='ocr_line' id='line_1_22' title="bbox 272 2617 1436 2702; baseline -0.001 -22"><span class='ocrx_word' id='word_1_125' title='bbox 272 2620 405 2682; x_wconf 85' lang='lat' dir='ltr'>Praesta</span> <span class='ocrx_word' id='word_1_126' title='bbox 421 2642 601 2702; x_wconf 78' lang='lat' dir='ltr'>quesumus</span> <span class='ocrx_word' id='word_1_127' title='bbox 621 2621 832 2701; x_wconf 77' lang='lat' dir='ltr'>omnipotens</span> <span class='ocrx_word' id='word_1_128' title='bbox 856 2621 946 2681; x_wconf 89' lang='lat' dir='ltr'>deus.</span> <span class='ocrx_word' id='word_1_129' title='bbox 963 2621 1070 2699; x_wconf 88' lang='lat' dir='ltr'>utqui</span> <span class='ocrx_word' id='word_1_130' title='bbox 1087 2617 1248 2699; x_wconf 86' lang='lat' dir='ltr'>gloriosos</span> <span class='ocrx_word' id='word_1_131' title='bbox 1265 2629 1436 2698; x_wconf 87' lang='lat' dir='ltr'>martyres</span> 
     </span>
     <span class='ocr_line' id='line_1_23' title="bbox 228 2704 1436 2787; baseline -0.001 -21"><span class='ocrx_word' id='word_1_132' title='bbox 228 2706 327 2769; x_wconf 85' lang='lat' dir='ltr'>sortes</span> <span class='ocrx_word' id='word_1_133' title='bbox 344 2710 375 2769; x_wconf 93' lang='lat' dir='ltr'>in</span> <span class='ocrx_word' id='word_1_134' title='bbox 392 2730 452 2769; x_wconf 86' lang='lat' dir='ltr'>sua</span> <span class='ocrx_word' id='word_1_135' title='bbox 468 2709 673 2769; x_wconf 81' lang='lat' dir='ltr'>consessione</span> <span class='ocrx_word' id='word_1_136' title='bbox 689 2704 969 2787; x_wconf 83' lang='lat' dir='ltr'>cognouiuirnus†</span> <span class='ocrx_word' id='word_1_137' title='bbox 991 2708 1063 2786; x_wconf 90' lang='lat' dir='ltr'>pios</span> <span class='ocrx_word' id='word_1_138' title='bbox 1086 2707 1175 2786; x_wconf 84' lang='lat' dir='ltr'>apud</span> <span class='ocrx_word' id='word_1_139' title='bbox 1200 2714 1233 2766; x_wconf 91' lang='lat' dir='ltr'>te</span> <span class='ocrx_word' id='word_1_140' title='bbox 1257 2706 1288 2766; x_wconf 94' lang='lat' dir='ltr'>in</span> <span class='ocrx_word' id='word_1_141' title='bbox 1316 2715 1436 2767; x_wconf 85' lang='lat' dir='ltr'>nostra</span> 
     </span>
     <span class='ocr_line' id='line_1_24' title="bbox 227 2795 1105 2875; baseline 0 -21"><span class='ocrx_word' id='word_1_142' title='bbox 227 2795 459 2856; x_wconf 85' lang='lat' dir='ltr'>intercessione</span> <span class='ocrx_word' id='word_1_143' title='bbox 476 2797 667 2860; x_wconf 81' lang='lat' dir='ltr'>sentiamus.</span> <span class='ocrx_word' id='word_1_144' title='bbox 684 2815 741 2875; x_wconf 91' lang='lat' dir='ltr'>per</span> <span class='ocrx_word' id='word_1_145' title='bbox 757 2795 930 2855; x_wconf 92' lang='lat' dir='ltr'>domiuum</span> <span class='ocrx_word' id='word_1_146' title='bbox 948 2803 1105 2854; x_wconf 84' lang='lat' dir='ltr'>nostrum.</span> 
     </span>
    </p>
   </div>
   <div class='ocr_carea' id='block_1_12' title="bbox 757 2922 893 2983">
    <p class='ocr_par' dir='ltr' id='par_1_12' title="bbox 757 2922 893 2983">
     <span class='ocr_line' id='line_1_25' title="bbox 757 2922 893 2983; baseline -0.007 0"><span class='ocrx_word' id='word_1_147' title='bbox 757 2922 893 2983; x_wconf 71' lang='lat' dir='ltr'>Secreta.</span> 
     </span>
    </p>
   </div>
   <div class='ocr_carea' id='block_1_13' title="bbox 224 3031 1433 3289">
    <p class='ocr_par' dir='ltr' id='par_1_13' title="bbox 224 3031 1433 3289">
     <span class='ocr_line' id='line_1_26' title="bbox 270 3031 1433 3115; baseline -0.002 -18"><span class='ocrx_word' id='word_1_148' title='bbox 270 3034 444 3097; x_wconf 84' lang='lat' dir='ltr'>Sacrifieiis</span> <span class='ocrx_word' id='word_1_149' title='bbox 461 3036 689 3115; x_wconf 84' lang='lat' dir='ltr'>praesentibus</span> <span class='ocrx_word' id='word_1_150' title='bbox 706 3034 839 3095; x_wconf 90' lang='lat' dir='ltr'>domine</span> <span class='ocrx_word' id='word_1_151' title='bbox 855 3053 1036 3113; x_wconf 89' lang='lat' dir='ltr'>quesumus</span> <span class='ocrx_word' id='word_1_152' title='bbox 1064 3031 1197 3093; x_wconf 91' lang='lat' dir='ltr'>intende</span> <span class='ocrx_word' id='word_1_153' title='bbox 1220 3033 1374 3112; x_wconf 87' lang='lat' dir='ltr'>placatus</span> <span class='ocrx_word' id='word_1_154' title='bbox 1399 3043 1433 3095; x_wconf 91' lang='lat' dir='ltr'>et</span> 
     </span>
     <span class='ocr_line' id='line_1_27' title="bbox 226 3119 1433 3199; baseline 0 -18"><span class='ocrx_word' id='word_1_155' title='bbox 226 3122 506 3184; x_wconf 85' lang='lat' dir='ltr'>intercedentibus</span> <span class='ocrx_word' id='word_1_156' title='bbox 538 3123 661 3183; x_wconf 83' lang='lat' dir='ltr'>sanctis</span> <span class='ocrx_word' id='word_1_157' title='bbox 696 3122 760 3182; x_wconf 92' lang='lat' dir='ltr'>tuis</span> <span class='ocrx_word' id='word_1_158' title='bbox 791 3119 987 3192; x_wconf 70' lang='lat' dir='ltr'>deuotionei</span> <span class='ocrx_word' id='word_1_159' title='bbox 1019 3131 1150 3182; x_wconf 88' lang='lat' dir='ltr'>nostrae</span> <span class='ocrx_word' id='word_1_160' title='bbox 1184 3119 1361 3199; x_wconf 84' lang='lat' dir='ltr'>proficiant</span> <span class='ocrx_word' id='word_1_161' title='bbox 1397 3133 1433 3181; x_wconf 91' lang='lat' dir='ltr'>et</span> 
     </span>
     <span class='ocr_line' id='line_1_28' title="bbox 224 3209 769 3289; baseline 0 -20"><span class='ocrx_word' id='word_1_162' title='bbox 224 3209 329 3270; x_wconf 83' lang='lat' dir='ltr'>saluti.</span> <span class='ocrx_word' id='word_1_163' title='bbox 348 3229 405 3289; x_wconf 90' lang='lat' dir='ltr'>per</span> <span class='ocrx_word' id='word_1_164' title='bbox 421 3209 592 3270; x_wconf 89' lang='lat' dir='ltr'>domiuum</span> <span class='ocrx_word' id='word_1_165' title='bbox 611 3218 769 3269; x_wconf 88' lang='lat' dir='ltr'>nostrum.</span> 
     </span>
    </p>
   </div>
   <div class='ocr_carea' id='block_1_14' title="bbox 737 3327 916 3405">
    <p class='ocr_par' dir='ltr' id='par_1_14' title="bbox 737 3327 916 3405">
     <span class='ocr_line' id='line_1_29' title="bbox 737 3327 916 3405; baseline -0.006 -17"><span class='ocrx_word' id='word_1_166' title='bbox 737 3327 916 3405; x_wconf 71' lang='lat' dir='ltr'>l&#39;rucsutw.</span> 
     </span>
    </p>
   </div>
   <div class='ocr_carea' id='block_1_15' title="bbox 224 3429 1428 3756">
    <p class='ocr_par' dir='ltr' id='par_1_15' title="bbox 224 3429 1428 3756">
     <span class='ocr_line' id='line_1_30' title="bbox 269 3429 1428 3511; baseline -0.001 -19"><span class='ocrx_word' id='word_1_167' title='bbox 269 3432 318 3493; x_wconf 72' lang='lat' dir='ltr'>(l)</span> <span class='ocrx_word' id='word_1_168' title='bbox 336 3442 468 3493; x_wconf 86' lang='lat' dir='ltr'>aeterne</span> <span class='ocrx_word' id='word_1_169' title='bbox 484 3433 573 3493; x_wconf 86' lang='lat' dir='ltr'>deus.</span> <span class='ocrx_word' id='word_1_170' title='bbox 615 3430 758 3503; x_wconf 75' lang='lat' dir='ltr'>Danaril</span> <span class='ocrx_word' id='word_1_171' title='bbox 774 3432 869 3491; x_wconf 89' lang='lat' dir='ltr'>nobis</span> <span class='ocrx_word' id='word_1_172' title='bbox 885 3429 1077 3511; x_wconf 87' lang='lat' dir='ltr'>suppliciter</span> <span class='ocrx_word' id='word_1_173' title='bbox 1089 3438 1276 3490; x_wconf 82' lang='lat' dir='ltr'>exorantes.</span> <span class='ocrx_word' id='word_1_174' title='bbox 1291 3439 1328 3490; x_wconf 90' lang='lat' dir='ltr'>ut</span> <span class='ocrx_word' id='word_1_175' title='bbox 1341 3430 1428 3491; x_wconf 93' lang='lat' dir='ltr'>sicut</span> 
     </span>
     <span class='ocr_line' id='line_1_31' title="bbox 225 3515 1428 3597; baseline 0 -20"><span class='ocrx_word' id='word_1_176' title='bbox 225 3519 329 3579; x_wconf 81' lang='lat' dir='ltr'>sancti</span> <span class='ocrx_word' id='word_1_177' title='bbox 347 3520 393 3579; x_wconf 87' lang='lat' dir='ltr'>tui</span> <span class='ocrx_word' id='word_1_178' title='bbox 415 3521 576 3580; x_wconf 90' lang='lat' dir='ltr'>mundum</span> <span class='ocrx_word' id='word_1_179' title='bbox 604 3520 710 3579; x_wconf 83' lang='lat' dir='ltr'>intua</span> <span class='ocrx_word' id='word_1_180' title='bbox 734 3519 854 3579; x_wconf 84' lang='lat' dir='ltr'>uirtute</span> <span class='ocrx_word' id='word_1_181' title='bbox 878 3518 1099 3597; x_wconf 55' lang='lat' dir='ltr'>uiceruntgita</span> <span class='ocrx_word' id='word_1_182' title='bbox 1122 3535 1182 3576; x_wconf 89' lang='lat' dir='ltr'>nos</span> <span class='ocrx_word' id='word_1_183' title='bbox 1206 3538 1225 3576; x_wconf 85' lang='lat' dir='ltr'>a</span> <span class='ocrx_word' id='word_1_184' title='bbox 1252 3515 1307 3596; x_wconf 89' lang='lat' dir='ltr'>[so.</span> <span class='ocrx_word' id='word_1_185' title='bbox 1338 3531 1428 3594; x_wconf 69' lang='lat' dir='ltr'>135i:</span> 
     </span>
     <span class='ocr_line' id='line_1_32' title="bbox 226 3603 1427 3685; baseline 0 -21"><span class='ocrx_word' id='word_1_186' title='bbox 226 3606 402 3666; x_wconf 86' lang='lat' dir='ltr'>mundanis</span> <span class='ocrx_word' id='word_1_187' title='bbox 434 3607 597 3666; x_wconf 89' lang='lat' dir='ltr'>erroribus</span> <span class='ocrx_word' id='word_1_188' title='bbox 621 3604 790 3685; x_wconf 84' lang='lat' dir='ltr'>postulent</span> <span class='ocrx_word' id='word_1_189' title='bbox 813 3604 963 3683; x_wconf 85' lang='lat' dir='ltr'>expediri</span> <span class='ocrx_word' id='word_1_190' title='bbox 988 3624 1046 3682; x_wconf 88' lang='lat' dir='ltr'>per</span> <span class='ocrx_word' id='word_1_191' title='bbox 1069 3603 1227 3664; x_wconf 88' lang='lat' dir='ltr'>christum</span> <span class='ocrx_word' id='word_1_192' title='bbox 1251 3604 1427 3664; x_wconf 90' lang='lat' dir='ltr'>dominum</span> 
     </span>
     <span class='ocr_line' id='line_1_33' title="bbox 224 3704 383 3756; baseline 0.031 -5"><span class='ocrx_word' id='word_1_193' title='bbox 224 3704 383 3756; x_wconf 86' lang='lat' dir='ltr'>nostrum.</span> 
     </span>
    </p>
   </div>
   <div class='ocr_carea' id='block_1_16' title="bbox 678 3818 975 3899">
    <p class='ocr_par' dir='ltr' id='par_1_16' title="bbox 678 3818 975 3899">
     <span class='ocr_line' id='line_1_34' title="bbox 678 3818 975 3899; baseline -0.007 -18"><span class='ocrx_word' id='word_1_194' title='bbox 678 3820 739 3881; x_wconf 60' lang='lat' dir='ltr'>rial</span> <span class='ocrx_word' id='word_1_195' title='bbox 751 3818 975 3899; x_wconf 74' lang='lat' dir='ltr'>complendum.</span> 
     </span>
    </p>
   </div>
   <div class='ocr_carea' id='block_1_17' title="bbox 224 3920 1428 4093">
    <p class='ocr_par' dir='ltr' id='par_1_17' title="bbox 224 3920 1428 4093">
     <span class='ocr_line' id='line_1_35' title="bbox 268 3920 1428 4005; baseline -0.003 -19"><span class='ocrx_word' id='word_1_196' title='bbox 268 3925 456 4005; x_wconf 79' lang='lat' dir='ltr'>Quesumus</span> <span class='ocrx_word' id='word_1_197' title='bbox 473 3924 683 4005; x_wconf 86' lang='lat' dir='ltr'>omnipotens</span> <span class='ocrx_word' id='word_1_198' title='bbox 700 3926 791 3986; x_wconf 77' lang='lat' dir='ltr'>deus</span> <span class='ocrx_word' id='word_1_199' title='bbox 808 3934 844 3984; x_wconf 92' lang='lat' dir='ltr'>ut</span> <span class='ocrx_word' id='word_1_200' title='bbox 861 3922 947 3983; x_wconf 91' lang='lat' dir='ltr'>illius</span> <span class='ocrx_word' id='word_1_201' title='bbox 971 3920 1123 3982; x_wconf 84' lang='lat' dir='ltr'>salutaris</span> <span class='ocrx_word' id='word_1_202' title='bbox 1139 3921 1310 4001; x_wconf 85' lang='lat' dir='ltr'>capiamus</span> <span class='ocrx_word' id='word_1_203' title='bbox 1331 3920 1428 3983; x_wconf 80' lang='lat' dir='ltr'>essec-</span> 
     </span>
     <span class='ocr_line' id='line_1_36' title="bbox 224 4009 1181 4093; baseline -0.004 -21"><span class='ocrx_word' id='word_1_204' title='bbox 224 4024 294 4072; x_wconf 82' lang='lat' dir='ltr'>tum</span> <span class='ocrx_word' id='word_1_205' title='bbox 313 4014 405 4074; x_wconf 88' lang='lat' dir='ltr'>cuius</span> <span class='ocrx_word' id='word_1_206' title='bbox 421 4033 479 4093; x_wconf 90' lang='lat' dir='ltr'>per</span> <span class='ocrx_word' id='word_1_207' title='bbox 495 4012 575 4072; x_wconf 86' lang='lat' dir='ltr'>haec</span> <span class='ocrx_word' id='word_1_208' title='bbox 593 4012 751 4091; x_wconf 78' lang='lat' dir='ltr'>mysteria</span> <span class='ocrx_word' id='word_1_209' title='bbox 767 4011 887 4091; x_wconf 86' lang='lat' dir='ltr'>pignus</span> <span class='ocrx_word' id='word_1_210' title='bbox 903 4009 1098 4089; x_wconf 89' lang='lat' dir='ltr'>accepimus.</span> <span class='ocrx_word' id='word_1_211' title='bbox 1116 4027 1181 4088; x_wconf 88' lang='lat' dir='ltr'>per.</span> 
     </span>
    </p>
   </div>
   <div class='ocr_carea' id='block_1_18' title="bbox 310 4201 1337 4269">
    <p class='ocr_par' dir='ltr' id='par_1_18' title="bbox 310 4201 1337 4269">
     <span class='ocr_line' id='line_1_37' title="bbox 310 4201 1337 4269; baseline -0.001 -5"><span class='ocrx_word' id='word_1_212' title='bbox 310 4220 339 4266; x_wconf 83' lang='lat' dir='ltr'>r.</span> <span class='ocrx_word' id='word_1_213' title='bbox 366 4208 456 4269; x_wconf 71' lang='lat' dir='ltr'>lues</span> <span class='ocrx_word' id='word_1_214' title='bbox 483 4207 557 4268; x_wconf 75' lang='lat' dir='ltr'>lut.</span> <span class='ocrx_word' id='word_1_215' title='bbox 583 4205 739 4265; x_wconf 67' lang='lat' dir='ltr'>Nu‘rxuu</span> <span class='ocrx_word' id='word_1_216' title='bbox 763 4205 904 4266; x_wconf 65' lang='lat' dir='ltr'>&amp;auen</span> <span class='ocrx_word' id='word_1_217' title='bbox 930 4202 1139 4264; x_wconf 75' lang='lat' dir='ltr'>Bnuenrem</span> <span class='ocrx_word' id='word_1_218' title='bbox 1165 4201 1337 4265; x_wconf 72' lang='lat' dir='ltr'>Annuus.</span> 
     </span>
    </p>
   </div>
   <div class='ocr_carea' id='block_1_19' title="bbox 222 4322 1426 4581">
    <p class='ocr_par' dir='ltr' id='par_1_19' title="bbox 222 4322 1426 4581">
     <span class='ocr_line' id='line_1_38' title="bbox 269 4322 1425 4406; baseline -0.003 -19"><span class='ocrx_word' id='word_1_219' title='bbox 269 4328 465 4389; x_wconf 84' lang='lat' dir='ltr'>intercessio</span> <span class='ocrx_word' id='word_1_220' title='bbox 481 4347 540 4387; x_wconf 89' lang='lat' dir='ltr'>nos</span> <span class='ocrx_word' id='word_1_221' title='bbox 557 4346 737 4406; x_wconf 89' lang='lat' dir='ltr'>quesumus</span> <span class='ocrx_word' id='word_1_222' title='bbox 754 4325 889 4385; x_wconf 87' lang='lat' dir='ltr'>domine</span> <span class='ocrx_word' id='word_1_223' title='bbox 905 4324 992 4384; x_wconf 84' lang='lat' dir='ltr'>beati</span> <span class='ocrx_word' id='word_1_224' title='bbox 1010 4324 1174 4385; x_wconf 89' lang='lat' dir='ltr'>benedicti</span> <span class='ocrx_word' id='word_1_225' title='bbox 1191 4322 1322 4384; x_wconf 85' lang='lat' dir='ltr'>abbatis</span> <span class='ocrx_word' id='word_1_226' title='bbox 1335 4342 1425 4384; x_wconf 94' lang='lat' dir='ltr'>com-</span> 
     </span>
     <span class='ocr_line' id='line_1_39' title="bbox 225 4410 1426 4493; baseline -0.002 -20"><span class='ocrx_word' id='word_1_227' title='bbox 225 4415 369 4475; x_wconf 87' lang='lat' dir='ltr'>mendet.</span> <span class='ocrx_word' id='word_1_228' title='bbox 387 4425 423 4476; x_wconf 88' lang='lat' dir='ltr'>ut</span> <span class='ocrx_word' id='word_1_229' title='bbox 453 4415 543 4493; x_wconf 90' lang='lat' dir='ltr'>quod</span> <span class='ocrx_word' id='word_1_230' title='bbox 572 4414 691 4474; x_wconf 90' lang='lat' dir='ltr'>nostris</span> <span class='ocrx_word' id='word_1_231' title='bbox 720 4413 844 4473; x_wconf 88' lang='lat' dir='ltr'>meritis</span> <span class='ocrx_word' id='word_1_232' title='bbox 871 4430 937 4472; x_wconf 91' lang='lat' dir='ltr'>non</span> <span class='ocrx_word' id='word_1_233' title='bbox 963 4411 1118 4471; x_wconf 86' lang='lat' dir='ltr'>ualemus.</span> <span class='ocrx_word' id='word_1_234' title='bbox 1144 4413 1214 4472; x_wconf 90' lang='lat' dir='ltr'>eius</span> <span class='ocrx_word' id='word_1_235' title='bbox 1241 4410 1426 4490; x_wconf 89' lang='lat' dir='ltr'>patrocinio</span> 
     </span>
     <span class='ocr_line' id='line_1_40' title="bbox 222 4500 881 4581; baseline -0.002 -21"><span class='ocrx_word' id='word_1_236' title='bbox 222 4521 444 4580; x_wconf 82' lang='lat' dir='ltr'>assequamur.</span> <span class='ocrx_word' id='word_1_237' title='bbox 462 4520 519 4581; x_wconf 90' lang='lat' dir='ltr'>per</span> <span class='ocrx_word' id='word_1_238' title='bbox 534 4500 707 4561; x_wconf 87' lang='lat' dir='ltr'>dominum</span> <span class='ocrx_word' id='word_1_239' title='bbox 724 4510 881 4560; x_wconf 91' lang='lat' dir='ltr'>nostrum.</span> 
     </span>
    </p>
   </div>
   <div class='ocr_carea' id='block_1_20' title="bbox 0 0 1524 5106">
    <p class='ocr_par' dir='ltr' id='par_1_20' title="bbox 0 0 1524 5106">
     <span class='ocr_line' id='line_1_41' title="bbox 0 0 1524 5106; baseline 0 2"><span class='ocrx_word' id='word_1_240' title='bbox 0 0 1524 5106; x_wconf 95' lang='lat' dir='ltr'> </span> 
     </span>
    </p>
   </div>
  </div>
 </body>
</html>
