3038 5106
531 320 646 381 HEBD.
672 329 694 380 I.
725 328 863 392 QUAM.
909 328 1024 379 FERIA
1049 326 1104 378 III.

725 558 842 621 Furun
868 556 913 622 11.

259 696 425 761 Conuerte
463 717 523 760 nos
560 696 643 760 deus
673 698 825 761 salutaris
856 708 975 762 noster.
1006 706 1040 762 et
1070 706 1107 761 ut
1131 697 1227 760 nobis
1257 696 1420 761 ieiunium

215 785 502 866 quadragesimale
540 784 698 867 proficiat.
730 795 859 848 mentes
889 797 1019 850 nostras
1057 785 1255 849 caelestibus
1291 788 1418 849 instrue

214 871 404 954 disciplinis.
422 893 480 954 per
494 872 667 936 dominum
692 884 849 936 nostrum.

744 1007 882 1072 Secreta.

259 1116 400 1180 Munera
437 1117 572 1180 domine
609 1118 723 1182 oblata
759 1118 938 1184 sanctifica.
977 1139 1105 1201 nosque
1143 1139 1163 1182 a
1201 1129 1414 1202 peccatorum

215 1216 402 1268 nostrorum
420 1205 558 1269 maculis
573 1207 726 1269 emunda.
738 1227 804 1289 per.

722 1338 904 1418 Praey‘attb.

259 1455 308 1517 (D
325 1464 457 1515 aeterne
473 1452 562 1514 deus.
596 1450 662 1534 Qui
674 1452 734 1514 das
750 1472 880 1515 aescam
891 1454 983 1515 om'ni
994 1454 1091 1516 carni.
1105 1462 1137 1515 et
1150 1473 1210 1514 nos
1226 1473 1292 1515 non
1306 1453 1415 1516 solum

215 1541 408 1603 carnalibus.
422 1541 480 1602 sed
503 1541 604 1601 etiam
628 1538 831 1621 spiritalibus
847 1541 951 1602 aescis
967 1539 1081 1602 reficis.
1128 1540 1176 1604 Ut
1193 1561 1259 1602 non
1285 1541 1317 1602 in
1341 1540 1415 1602 solo

215 1648 302 1709 pane
332 1629 492 1689 uiuamus
532 1627 590 1688 sed
626 1626 659 1688 in
697 1626 788 1688 omni
826 1626 929 1688 uerbo
965 1636 1024 1690 tuo
1062 1626 1198 1689 uitalem
1229 1627 1416 1689 habeamus

214 1715 416 1777 alimoniam.
471 1712 542 1774 Nec
573 1722 704 1774 tanturn
751 1713 947 1795 aepuland0.
992 1714 1049 1777 sed
1096 1715 1196 1776 etiam
1235 1714 1417 1777 ieiunando

215 1801 423 1883 paschamur.
469 1799 556 1861 Nam
570 1809 605 1861 ut
622 1799 763 1879 dapibus
790 1808 823 1861 et
846 1800 972 1881 poculis
995 1820 1133 1882 corpora
1156 1801 1202 1863 sic
1227 1801 1357 1863 ieiuniis
1382 1811 1417 1863 et

215 1887 391 1951 uirtutibus
408 1887 539 1948 animae
555 1886 755 1967 saginantur.
804 1885 964 1967 Magnam
982 1888 1014 1949 in
1031 1886 1094 1950 hoc
1118 1907 1254 1950 munere
1276 1887 1415 1949 salubri·

214 1986 318 2038 tatem
358 1975 479 2036 mentis
517 1992 555 2034 ac
593 1974 738 2053 corporis
783 1973 959 2036 contulisti.
997 1975 1074 2055 quia
1120 1975 1278 2036 ieiunium
1318 1974 1415 2036 nobis

214 2060 401 2124 uenerabile
427 2059 596 2123 dedicasti.
644 2059 692 2123 Ut
708 2060 750 2123 ad
769 2061 971 2142 paradysum
984 2061 1105 2141 dequo
1121 2081 1188 2123 non
1213 2060 1415 2125 abstinendo

212 2149 400 2211 cecidimus.
446 2147 624 2209 ieiunando
664 2145 880 2230 sollempnius
925 2148 1105 2212 redeamus,
1150 2168 1210 2230 per
1255 2147 1415 2211 christum

213 2237 386 2298 dominum
403 2243 562 2296 nostrum.

673 2332 736 2395 Ad
745 2333 969 2415 complendum.

257 2445 417 2509 Salutaris
440 2445 487 2507 tui
511 2445 646 2507 domine
669 2465 805 2508 munere
827 2446 937 2508 satiati
962 2446 1127 2529 supplices
1156 2466 1345 2510 exoramus.
1376 2456 1412 2510 ut

211 2534 303 2595 cuius
326 2532 488 2596 laetamur
510 2543 609 2614 gustu
632 2552 829 2595 renouemur
842 2531 985 2617 jeffectu.
1009 2553 1069 2616 per
1089 2534 1262 2597 dominum
1279 2532 1336 2616 [so.
1359 2553 1413 2614 44.

212 2630 370 2682 nostrum,

671 2717 779 2799 Super
784 2720 947 2800 populum.

256 2831 406 2893 Absolue
429 2851 609 2913 quesumus
625 2831 761 2893 domine
776 2841 965 2894 nostrorum
985 2831 1117 2896 uincula
1140 2841 1361 2915 peccatorum.
1378 2842 1411 2895 et

211 2919 367 3001 quicquid
384 2939 445 3000 pro
460 2920 508 2980 eis
525 2938 698 2982 meremur.
716 2919 914 3000 propitiatus
931 2929 1051 2982 auerte.
1067 2939 1134 3001 per.

710 3127 827 3191 Funus
855 3128 919 3191 ΙΙΙ.

255 3260 397 3342 Respice
412 3259 547 3323 domine
563 3259 722 3322 familiam
738 3269 831 3323 tuam
848 3270 881 3323 et
897 3271 1028 3343 praesta
1044 3270 1081 3324 ut
1105 3261 1194 3342 apud
1218 3259 1294 3343 [te¹]
1318 3281 1410 3323 mens

210 3358 323 3410 nostra
339 3357 396 3411 tuo
412 3347 576 3410 desiderio
589 3347 721 3428 fulgeat.
737 3368 823 3430 quae
839 3368 874 3411 se
890 3351 997 3411 carnis
1015 3350 1238 3412 maceratione
1260 3349 1410 3430 castigat.

211 3456 270 3517 per
285 3435 457 3497 dominum
477 3444 637 3497 nostrum.

741 3550 879 3617 Secreta.

255 3661 387 3728 Oblatis
402 3682 583 3743 quesumus
599 3661 733 3725 domine
749 3662 880 3745 placare
897 3662 1096 3727 muneribus
1113 3673 1183 3726 eta
1206 3662 1334 3726 cunctis
1351 3682 1411 3725 nos

210 3750 351 3815 defende
367 3750 528 3831 periculis.
545 3770 604 3831 per
619 3750 801 3812 domiuum.

722 3884 903 3964 Praefatio.

255 4001 304 4063 (Β
321 4018 379 4080 per
394 3996 552 4060 christum
565 3996 738 4058 dominum
756 4007 914 4061 nostrum.
963 3997 1000 4060 In
1017 4016 1084 4078 quo
1097 3995 1314 4059 ieiunantium
1329 3993 1410 4056 fides

209 4087 352 4148 additur.
369 4106 444 4168 spes
460 4084 659 4167 prouehitur.
676 4084 794 4146 caritas
811 4084 990 4147 roboratur.
1038 4085 1114 4166 lpse
1137 4093 1187 4145 est
1209 4083 1298 4143 enim
1316 4081 1411 4163 panis

210 4175 306 4236 uiuus
322 4182 356 4235 et
379 4192 483 4234 uerus.
500 4172 555 4253 qui
579 4171 767 4234 substantia
790 4172 1002 4234 aeternitatis,
1027 4182 1061 4234 et
1084 4191 1180 4233 aesca
1196 4168 1328 4232 uirtutis
1352 4177 1410 4230 est.

210 4259 361 4324 Uerbum
381 4259 469 4321 enim
484 4279 542 4341 per
553 4258 643 4339 quod
661 4255 748 4319 sacta
761 4267 837 4320 sunt
848 4259 968 4321 omnia
986 4278 1051 4320 non
1065 4256 1171 4319 solum
1189 4255 1409 4318 humanarum

209 4348 380 4410 mentium.
390 4345 448 4408 sed
465 4346 536 4427 ipse
545 4345 641 4426 panis
656 4353 707 4406 est
722 4345 924 4425 angelorum.
971 4344 1073 4408 Hunc
1088 4362 1209 4426 panem
1226 4343 1412 4405 ministrare

672 4503 680 4536 ¹
697 4514 720 4556 te
730 4507 834 4558 omitted
846 4506 872 4557 in
884 4506 941 4559 MS.
