3038 5106
217 354 249 419 58
541 354 632 404 DOM.
664 353 691 403 V.
717 352 814 404 POST
837 352 1095 402 THEOPHANIA.

218 507 411 572 salutarium
425 506 521 571 nobis
531 527 668 590 operum
686 516 818 571 tuorum
834 516 869 570 et
884 526 1058 569 munerum
1070 504 1231 568 memoria
1242 505 1428 587 praesentis

218 596 307 659 uitae
338 605 489 677 tempora
518 603 669 657 exornat.
724 593 825 658 Unde
849 602 883 657 et
912 612 973 656 nos
1003 592 1055 656 uel
1087 593 1270 656 innouante
1300 592 1430 656 laetitia

218 683 386 763 praeteriti
424 681 538 764 gaudii
575 682 627 745 uel
666 681 890 763 permanentis
921 679 999 743 boni
1037 689 1169 762 tempus
1205 690 1429 762 agnoscentes

219 768 400 833 indefessas
413 769 577 833 maiestati
588 779 666 832 tuae
675 776 787 851 grates
796 767 1009 831 exsoluimus.
1015 787 1074 850 per
1083 766 1242 829 christum
1252 767 1429 830 dominum

220 868 379 920 nostrum.

674 984 705 1047 A
709 984 736 1046 d
746 982 972 1065 complendum.

263 1105 404 1168 Munera
427 1114 484 1167 tua
499 1125 560 1167 nos
575 1104 658 1167 deus
681 1125 701 1168 a
723 1102 1000 1167 delectationibus
1022 1103 1162 1167 terrenis
1184 1103 1371 1186 expediant
1394 1113 1427 1166 et

220 1193 419 1256 caelestibus
435 1212 565 1274 semper
581 1192 746 1255 instruant
761 1191 935 1254 alimentis.
952 1211 1011 1274 per
1026 1190 1199 1254 dominum
1216 1201 1376 1254 nostrum.

686 1346 794 1428 Super
799 1346 963 1428 populum.

266 1467 399 1548 Porrige
428 1467 603 1530 dexteram
635 1475 727 1529 tuam
758 1465 893 1528 domine
924 1464 1013 1548 plebi
1043 1474 1136 1527 tuam
1168 1463 1427 1527 misericordiam

221 1554 403 1636 postulanti
427 1573 601 1635 perquam
618 1562 652 1616 et
667 1572 792 1616 errores
815 1552 960 1616 declinet
983 1552 1115 1615 illicitos
1137 1561 1170 1614 et
1193 1550 1316 1614 solacia
1339 1552 1430 1614 uitae

220 1641 369 1792 ff⁰¹i²¹l³
403 1641 552 1722 accipiat.
589 1658 623 1704 et
667 1640 870 1722 sempiterna
913 1641 1037 1720 gaudia
1073 1638 1333 1722 appraehendat.
1370 1657 1429 1721 per

245 1748 404 1793 ominum.

489 1932 688 1995 Dommcr
709 1929 750 1994 V.
774 1944 864 1996 rosa
888 1930 1156 1996 anornnun.

264 2087 439 2149 Familiam
459 2095 550 2148 tuam
566 2104 746 2167 quesumus
762 2083 897 2146 domine
909 2085 1067 2148 continua
1079 2085 1224 2167 piaetatc
1235 2085 1375 2149 custodi.
1391 2095 1429 2149 ut

219 2193 305 2255 quae
321 2174 353 2235 in
369 2173 440 2235 sola
455 2193 514 2254 spe
530 2173 655 2254 gratiae
672 2171 822 2234 caelestis
838 2171 996 2235 innititur.
1008 2182 1066 2234 tua
1078 2192 1209 2253 semper
1220 2174 1428 2254 protectione

222 2262 396 2324 muniatur.
414 2280 473 2343 per
487 2260 670 2323 dominum.

756 2383 895 2449 Secreta.

266 2508 404 2571 Hostias
420 2507 479 2570 tibi
496 2507 631 2569 domine
647 2504 844 2587 placationis
859 2504 1036 2569 offerimus.
1052 2516 1089 2569 ut
1112 2516 1145 2569 et
1168 2506 1290 2570 delicta
1314 2519 1427 2571 nostra

220 2596 394 2746 gniseratus
419 2595 583 2658 absoluas.
607 2606 641 2657 et
668 2594 820 2656 nutantia
849 2590 965 2677 jcorda
989 2605 1024 2655 tu
1050 2594 1181 2675 dirigas.
1207 2615 1266 2678 per
1291 2592 1348 2680 [s0.
1375 2612 1426 2675 40.

245 2702 402 2745 ominum.

732 2808 913 2889 Praefatt'o.

265 2931 314 2993 (D
331 2938 464 2992 aeterne
485 2930 576 2993 deus.
623 2930 667 2992 Et
691 2928 752 2992 tibi
777 2928 863 2991 hanc
885 2928 1121 2992 immolationis
1138 2929 1282 2993 hostiam
1298 2930 1425 2996 offerre.

219 3037 304 3098 quae
320 3027 370 3079 est
393 3016 597 3080 salutiferum
620 3027 654 3079 et
677 3015 844 3079 ineffabile
866 3017 999 3079 diuinae
1022 3018 1148 3098 gratiae
1171 3028 1426 3083 sacramentum.

219 3125 305 3186 quae
327 3104 463 3167 offertur
478 3124 497 3165 a
514 3104 671 3185 plurimis.
692 3113 726 3166 et
751 3124 855 3165 unum
881 3103 991 3166 christi
1017 3124 1136 3185 corpus
1161 3105 1265 3166 sancti
1291 3107 1425 3186 spiritus

219 3191 382 3253 infusione
394 3189 566 3271 perficitur.
585 3190 714 3271 Singuli
725 3190 1324 3272 accipiuntchristumdominumetin
1336 3194 1425 3274 sing·

219 3278 281 3339 ulis
295 3278 502 3359 portionibus
516 3288 605 3340 totus
615 3288 673 3339 cst.
706 3277 737 3339 N
740 3297 776 3338 ec
791 3277 1005 3358 persingulos
1018 3278 1248 3340 minuitur.sed
1258 3278 1425 3360 integrum

217 3387 253 3427 se
270 3363 385 3445 prebet
402 3365 433 3426 in
450 3365 595 3444 singulis.
643 3364 820 3445 Propterea
844 3364 904 3446 ipsi
928 3365 985 3446 qui
1008 3366 1169 3426 sumimus
1191 3367 1427 3429 communione

219 3451 316 3513 huius
332 3452 436 3513 sancti
454 3453 549 3531 panis
565 3463 598 3513 ct
613 3450 731 3513 calicis.
749 3471 851 3513 unum
868 3451 981 3514 christi
1004 3471 1124 3532 corpus
1146 3450 1316 3515 efficimur.
1363 3453 1425 3517 Per

219 3538 321 3619 ipsius
359 3540 471 3619 itaque
502 3538 709 3600 maiestatem
747 3548 781 3599 te
810 3538 975 3619 supplices
1006 3558 1192 3601 exoramus
1223 3548 1260 3601 ut
1291 3559 1352 3601 nos
1384 3542 1427 3603 ab

218 3624 372 3689 omnibus
409 3626 570 3688 emundes
608 3624 769 3705 contagiis
807 3625 990 3688 uetustatis.
1021 3634 1054 3688 et
1085 3626 1117 3687 in
1149 3625 1298 3688 nouitate
1336 3627 1426 3691 uitae

219 3731 428 3794 perseuerare
443 3712 614 3774 concedas.
631 3732 689 3793 per
703 3730 812 3792 quem.

674 3861 735 3923 Ad
745 3861 971 3943 complendum.

263 3982 453 4065 Quesumus
490 3982 703 4063 omnipotens
740 3983 822 4045 deus
860 3993 897 4046 ut
940 3982 1026 4046 illius
1064 3982 1216 4045 salutaris
1254 3984 1424 4065 capiamus

219 4069 383 4133 effectum.
400 4072 492 4133 cuius
507 4090 566 4152 per
582 4071 662 4132 haec
679 4071 838 4151 mysteria
853 4071 974 4154 pignus
989 4072 1187 4151 accepimus.
1203 4089 1269 4153 per.

684 4220 793 4302 Super
798 4222 962 4303 populum.

262 4341 392 4405 Adesto
417 4342 552 4406 domine
578 4343 709 4425 populis
731 4344 797 4406 tuis
820 4343 853 4405 in
876 4352 934 4406 tua
957 4342 1163 4424 protectione
1187 4341 1375 4405 fidentibus.
1392 4350 1426 4404 et

217 4440 295 4491 tuae
310 4450 345 4491 se
361 4430 521 4493 dexterae
537 4432 728 4513 suppliciter
743 4430 939 4493 inclinantes
961 4439 1123 4511 perpetua
1138 4429 1332 4494 defensione
1347 4448 1425 4492 con-

218 4536 322 4580 serua.
338 4536 397 4599 per
412 4518 594 4581 dominum.
