3038 5106
224 364 270 417 168
406 366 481 417 VIII.
512 365 597 416 KAL.
627 366 710 415 APR.
740 364 1011 417 ANNUNTIATIO
1038 363 1066 414 S.
1095 363 1257 415 MARJAE.

221 518 404 583 subleuasti
420 520 462 582 ad
478 518 619 583 caelum.
634 518 781 581 concede
795 537 976 599 quesumus
996 516 1078 582 haec
1094 516 1179 581 lesta
1195 516 1262 580 tuis
1279 514 1426 580 famulis

220 605 476 670 celebrantibus.
493 617 686 668 cunctorum
703 606 836 668 ueniam
847 604 1051 668 delictorum.
1069 613 1105 668 ut
1117 605 1173 686 qui
1188 602 1425 667 exultantibus

222 694 342 756 animis
372 694 441 756 eius
472 693 612 757 claritati
643 692 864 774 congaudent.
895 691 968 774 ipso
998 692 1087 774 apud
1118 701 1153 754 te
1178 692 1427 755 interueniente

221 781 453 845 consocientur
468 790 501 844 ct
518 780 650 843 meritis.
667 800 726 861 per
741 778 923 842 dominum.

778 898 869 962 Alia.

268 997 491 1080 Omnipotens
507 999 707 1080 sempiterne
722 999 813 1061 deus.
828 998 885 1079 qui
910 999 1115 1062 radiantibus
1137 998 1226 1061 beati
1254 995 1429 1061 benedicti

224 1084 420 1148 confessoris
451 1087 498 1148 tui
529 1086 703 1166 exemplis.
734 1086 875 1148 arduum
906 1086 972 1148 tuis
1002 1084 1162 1148 imitabile
1192 1084 1329 1148 famulis
1366 1086 1429 1146 iter

224 1173 337 1236 iecisti.
354 1173 398 1235 da
421 1173 516 1235 nobis
544 1172 712 1235 inoffensis
734 1193 793 1254 per
815 1174 885 1235 eius
913 1173 1064 1236 instituta
1088 1172 1252 1254 gressibus
1277 1190 1429 1254 pergere

224 1270 260 1322 ut
277 1260 424 1322 eiusdem
449 1261 481 1321 in
505 1261 639 1341 regione
663 1259 848 1322 uiuentium
876 1279 1060 1323 mereamur
1083 1260 1213 1341 gaudiis
1238 1258 1429 1323 admisceri.

221 1368 287 1429 per.

753 1459 890 1522 Secreta.

266 1556 399 1621 Oblatis
422 1558 557 1620 domine
583 1557 627 1619 ob
653 1557 813 1619 honorem
842 1557 929 1620 beati
957 1557 1123 1620 benedicti
1150 1555 1350 1619 confessoris
1378 1555 1428 1618 tui

222 1645 352 1728 placare
369 1644 566 1708 muneribus.
583 1655 617 1706 ct
633 1645 735 1726 ipsius
746 1646 811 1707 tuis
828 1644 958 1707 famulis
971 1642 1212 1718 interuentuml
1226 1653 1427 1706 cunctorum

221 1732 329 1796 tribue
345 1732 588 1813 indulgentiam
605 1742 824 1813 peccatorum.
841 1752 900 1813 per
915 1730 1087 1794 dominum
1105 1741 1262 1793 nostrum.

727 1851 908 1931 Praefiztzb.

264 1952 314 2016 ff)
337 1962 470 2014 aeterne
485 1952 576 2013 deus.
624 1952 670 2015 Et
686 1960 719 2013 te
735 1950 918 2013 honorandi
935 1951 1038 2033 patris
1053 1951 1219 2014 benedicti
1239 1950 1424 2032 gloriosam

219 2040 445 2102 caelebrantes
482 2039 764 2120 sollempnitatem
810 2036 1000 2118 glorificare.
1044 2038 1077 2099 in
1120 2058 1187 2119 quo
1224 2038 1288 2100 hoc
1325 2039 1424 2100 triste

219 2125 387 2189 saeculum
405 2127 567 2187 deserens.
583 2127 626 2188 ad
649 2125 800 2187 caelestis
816 2125 942 2206 patriae
957 2126 1080 2206 gaudia
1104 2126 1259 2207 migrauit
1274 2134 1423 2187 aeterna.

220 2212 287 2295 Qui
304 2214 409 2275 sancti
426 2214 560 2294 spiritus
572 2211 716 2294 repletus
726 2212 816 2274 dono
828 2211 992 2274 decoratis
1004 2212 1242 2275 monachorum
1252 2212 1424 2293 gregibus.

219 2301 341 2382 dignus
367 2299 489 2361 effulsit
517 2309 637 2381 pastor.
692 2298 738 2361 Et
767 2299 857 2379 quod
883 2299 983 2361 sacris
1008 2300 1182 2362 admonuit
1209 2298 1424 2361 dictionibus

220 2387 342 2450 sanctis
359 2387 512 2468 impleuit
528 2386 691 2467 operibus.
739 2385 788 2448 Ut
810 2405 910 2466 quam
932 2383 1069 2468 diluinis
1093 2384 1226 2448 inchoa·
1250 2382 1307 2469 [se.
1329 2401 1423 2448 120v.

221 2483 314 2537 uerat
351 2473 492 2536 oraculis
530 2473 683 2535 semitam
727 2472 891 2553 exemplis
929 2482 1127 2535 monstraret
1168 2472 1294 2535 lucidis.
1372 2471 1424 2535 Ut

220 2560 364 2642 gloriosa
381 2560 619 2622 monachorum
635 2558 729 2641 plebs
746 2568 884 2639 paterna
896 2559 1027 2621 intuens
1040 2559 1188 2640 uestigia.
1199 2561 1241 2621 ad
1258 2568 1424 2641 perpetua

221 2648 303 2712 lucis
318 2657 471 2709 aeternae
484 2648 631 2729 praemia
647 2647 759 2708 uenire
776 2657 945 2709 mereatur.
962 2667 1021 2728 per
1036 2646 1203 2709 christum.

668 2771 698 2832 Α
702 2769 729 2831 α’
739 2771 964 2851 conpleudum.

267 2871 434 2952 Perceptis
445 2870 580 2932 domine
592 2870 673 2931 deus
687 2879 805 2931 noster.
819 2870 1017 2932 salutaribus
1026 2871 1241 2932 sacramentis
1251 2869 1426 2932 humiliter

222 2967 255 3020 te
271 2959 515 3038 depraecamur.
533 2966 569 3018 ut
585 2957 809 3019 intercedente
833 2957 932 3019 beato
953 2957 1140 3019 confessore
1164 2968 1222 3019 tuo
1245 2956 1427 3019 benedicto

222 3053 322 3125 atquc
349 3044 479 3106 abbate.
506 3062 591 3123 quae
622 3063 682 3124 pro
709 3043 795 3105 illius
819 3045 1009 3107 uenerando
1036 3045 1165 3126 agimus
1192 3043 1294 3105 obitu.
1322 3044 1424 3106 nobis

222 3129 395 3213 proficiant
411 3131 453 3192 ad
470 3131 619 3192 salutern.
636 3150 694 3210 per
709 3131 892 3193 dominum.

696 3242 727 3303 Α
732 3241 757 3302 d
773 3253 943 3323 uesperum.

266 3339 431 3403 Fidelium
455 3350 586 3402 tuorum
603 3360 784 3421 quesumus
809 3343 944 3404 domine
971 3353 1050 3405 uota
1073 3363 1206 3405 serenus
1229 3342 1368 3405 intende
1390 3351 1427 3405 et

223 3429 410 3490 interuentu
427 3427 515 3489 beati
535 3427 701 3490 benedicti
717 3430 809 3489 cuius
832 3429 1050 3510 depositionis
1072 3428 1298 3492 caelebramus
1322 3429 1424 3491 diem.

223 3534 242 3576 a
255 3515 381 3577 cunctis
398 3534 458 3575 nos
467 3513 638 3576 absolutos
649 3515 802 3577 reatibus.
816 3514 908 3577 lestis
920 3515 1064 3579 concede
1074 3517 1232 3578 interesse
1242 3517 1422 3596 perpetuis.

222 3622 281 3682 per
296 3601 477 3663 dominum.

338 3768 413 3816 vm.
433 3753 929 3820 KnL.AP1<.ANNUNT1AT10
952 3756 1128 3819 Snucms
1153 3756 1314 3818 Mnunm

266 3867 359 3929 Deus
375 3867 430 3947 qui
447 3866 565 3928 beatae
589 3867 712 3930 mariae
735 3869 871 3949 uirginis
896 3879 990 3932 utero
1014 3869 1152 3932 uerbum
1175 3879 1270 3930 tuum
1298 3868 1422 3949 angelo

222 3954 398 4018 nuntiante
413 3973 545 4015 carnem
566 3954 732 4035 suscipere
755 3956 896 4018 uoluisti.
913 3967 1044 4038 praesta
1067 3956 1270 4038 supplicibus
1294 3957 1367 4018 tuis
1384 3966 1422 4018 ut

221 4043 277 4122 qui
302 4060 378 4103 uere
401 4060 474 4101 eam
498 4041 699 4121 genetricem
716 4042 769 4104 dei
795 4044 968 4106 credimus.
993 4044 1064 4107 eius
1090 4045 1179 4125 apud
1205 4053 1238 4105 te
1263 4043 1421 4105 interces·
1485 4081 1491 4093 ·

220 4128 368 4191 sionibus
384 4127 588 4189 adiuuemur.
606 4147 671 4209 per.

770 4241 863 4306 Alia.

264 4345 356 4407 Deus
386 4343 442 4425 qui
473 4342 634 4405 hodierna
664 4343 718 4407 die
744 4344 883 4408 uerbum
913 4354 1009 4409 tuum
1033 4346 1152 4409 beatae
1178 4343 1315 4425 uirginis
1341 4343 1420 4406 aluo

216 4432 405 4495 coadunare
435 4429 577 4493 uoluisti.
609 4428 660 4492 lac
691 4450 752 4492 nos
779 4432 825 4495 ita
859 4433 947 4495 hunc
976 4433 1065 4496 diem
1090 4451 1256 4515 peragere.
1285 4440 1323 4494 ut
1352 4430 1414 4494 tibi

216 4519 346 4600 placere
361 4516 539 4581 ualeamus.
557 4536 616 4599 per
631 4516 805 4581 dominum
822 4530 980 4583 nostrum.
