3038 5106
209 338 260 392 270
530 326 636 378 omer.
662 325 785 379 sorex
806 324 1097 377 mammonam

209 481 372 565 plicandis
394 480 615 564 adoptionum
638 478 713 544 filiis
738 488 930 545 sanctorum
953 478 1170 545 conubiorum
1188 478 1409 543 foecunditas¹

208 578 400 633 seruaretur.
430 567 504 631 Tua
515 567 603 632 enim
616 567 751 632 domine
767 567 977 650 prouidentia
992 576 1050 630 tua
1064 566 1171 649 gratia
1186 564 1410 630 ineffabilibus

210 657 319 720 modis
341 665 518 736 utrumque
540 655 712 737 dispensat
736 665 771 718 ut
794 656 884 737 quod
910 654 1081 737 generatio
1103 653 1146 717 ad
1168 653 1284 716 mundi
1309 653 1412 717 cedit²

210 753 372 806 ornatum.
389 742 595 823 regeneratio
609 742 651 804 ad
669 742 848 806 aecclesiae
864 741 1024 823 perducat
1039 749 1266 822 augmentum.
1276 751 1311 803 et
1324 741 1409 804 ideo.

653 862 716 925 Ad
732 861 956 943 complendum.

256 959 436 1042 Propitiare
462 958 598 1024 domine
624 959 923 1043 supplicationibus
949 960 1078 1023 nostris.
1104 968 1138 1021 et
1166 959 1327 1023 institutis
1343 960 1409 1022 tuis

210 1047 330 1129 quibus
345 1045 602 1130 propagatione†
616 1047 752 1110 humani
769 1048 900 1129 generis
914 1047 1072 1109 ordinasti
1096 1047 1259 1128 benignus
1282 1046 1411 1109 assiste.

211 1144 247 1196 ut
273 1135 362 1216 quod
387 1144 421 1197 te
448 1144 581 1196 auctore
608 1133 762 1216 iungitur.
790 1146 823 1197 te
847 1134 1032 1197 auxiliante
1054 1142 1209 1196 seruetur.
1227 1153 1286 1215 per
1301 1133 1410 1196 dorni-

211 1241 298 1284 ηοω.
618 1307 798 1371 Benedictio
814 1307 898 1370 unde
910 1317 1017 1389 supra.

256 1405 348 1468 Deus
373 1407 428 1488 qui
454 1416 619 1488 potestate
634 1407 766 1470 uirtutis
782 1404 878 1480 suae†
893 1408 935 1469 de
951 1406 1054 1469 nihilo
1077 1415 1197 1469 cuncta
1220 1405 1335 1469 fecisti.
1353 1407 1412 1487 qui

211 1492 381 1574 dispositis
405 1494 627 1556 uniuersitatis
657 1494 803 1556 exordiis
830 1494 954 1556 homini
978 1495 1020 1556 ad
1045 1493 1224 1575 imaginem
1240 1493 1295 1555 dei
1312 1491 1414 1555 sacto,

215 1579 296 1643 Ideo
327 1580 545 1663 inseparabile
576 1580 721 1643 mulieris
748 1581 947 1645 adiutorium
979 1579 1165 1643 condidisti.
1188 1588 1225 1642 ut
1249 1577 1416 1651 seminae‘t

212 1669 340 1749 corpori
366 1668 408 1730 de
432 1667 516 1729 uirili
541 1669 636 1731 dares
663 1664 787 1740 carnis†
813 1668 1019 1749 principium.
1035 1667 1159 1730 docens
1173 1667 1264 1748 quod
1280 1686 1324 1728 ex
1342 1687 1411 1728 uno

212 1753 390 1836 placuisset
414 1755 548 1817 institui.
575 1754 773 1838 snumquam
801 1754 911 1817 liceret
938 1754 1090 1835 disiungi.
1137 1752 1229 1816 Deus
1256 1751 1312 1834 [s0.
1342 1768 1414 1834 195.

213 1840 270 1922 qui
286 1849 356 1904 tam
373 1841 548 1904 excellenti
566 1841 723 1922 mysterio
746 1842 953 1923 coniugalem
977 1841 1131 1922 copulam
1147 1841 1358 1903 consecrasti.
1374 1849 1412 1902 ut

213 1926 325 1991 christi
352 1937 385 1990 ct
413 1927 589 1990 aecclesiae
616 1937 861 1991 sacramentum
886 1927 1093 2010 persignares
1119 1928 1151 1989 in
1177 1926 1309 1990 foedere
1325 1947 1412 2009 nup·

214 2014 342 2077 tiarum.
390 2015 482 2077 Deus
498 2034 670 2096 perquem
688 2015 804 2077 mulier
820 2015 965 2096 iungitur
981 2015 1052 2076 uiro
1076 2023 1109 2076 et
1132 2014 1273 2077 societas
1290 2014 1411 2095 princi-

215 2101 332 2184 paliter
362 2102 514 2163 ordinata
545 2122 584 2163 ea
614 2101 845 2165 benedictione
874 2103 1025 2165 donatur.
1056 2121 1141 2182 quae
1171 2100 1242 2163 sola
1265 2120 1327 2163 nec
1351 2121 1412 2182 per

215 2188 385 2270 originalis
400 2189 526 2270 peccati
544 2208 694 2270 poenam.
730 2189 802 2251 Nec
818 2208 876 2271 per
891 2189 1007 2252 diluuii
1023 2198 1074 2250 est
1089 2187 1201 2251 ablata
1216 2185 1415 2259 sententia.†

217 2275 360 2356 Respice
390 2275 552 2357 propitius
582 2295 681 2356 super
710 2275 795 2338 hanc
826 2275 985 2338 famulam
1016 2284 1108 2338 tuam
1146 2294 1232 2355 quae
1264 2274 1408 2337 maritali

215 2361 383 2443 iungenda
409 2372 459 2424 est
483 2362 657 2425 consortio.
685 2372 743 2425 tua
758 2383 794 2424 se
809 2363 939 2444 expetit
954 2362 1159 2444 protectione
1183 2361 1311 2424 muniri.
1359 2360 1412 2426 Sit

216 2451 249 2511 in
270 2468 310 2511 ea
325 2449 438 2530 iugum
463 2449 648 2512 dilectionis
664 2459 697 2511 et
714 2450 811 2530 pacis.
829 2448 935 2512 fidelis
951 2458 985 2511 et
1000 2458 1092 2511 casta
1108 2448 1211 2511 nubat
1228 2448 1260 2509 in
1278 2447 1412 2510 christo.

217 2537 451 2617 Imitatrixque
473 2545 660 2598 sanctarum
685 2546 877 2617 permaneat
902 2535 1107 2598 seminarum.
1130 2535 1173 2597 sit
1195 2533 1350 2597 amabilis
1374 2546 1412 2597 ut

217 2622 324 2685 rachel
343 2623 420 2684 uiro,
437 2623 567 2703 sapiens
584 2633 620 2684 ut
642 2623 784 2685 rebecca.
801 2623 942 2703 longeva
958 2632 994 2684 ut
1010 2643 1106 2684 sarra.
1154 2621 1243 2683 Nihil
1261 2622 1293 2683 in
1310 2641 1350 2683 ea
1366 2642 1411 2683 ex

217 2708 344 2772 actibus
369 2711 436 2771 suis
463 2709 517 2770 ille
544 2719 659 2772 auctor
683 2710 973 2792 praeuaricationis
998 2719 1141 2791 usurpet.
1203 2708 1303 2770 Nexa
1334 2707 1412 2771 fidei

218 2797 448 2877 mandatisque
464 2806 663 2877 permaneat.
688 2798 743 2858 uni
768 2797 864 2859 thoro
888 2797 1007 2859 iuncta.
1030 2793 1252 2868 constractus†
1269 2793 1417 2868 inlicitot

218 2883 322 2965 fugiat
350 2884 476 2946 muniat
505 2882 729 2946 infirmitatem
763 2904 856 2945 suam
889 2884 1004 2945 robore
1031 2883 1231 2964 disciplinae.
1249 2883 1292 2944 sit
1318 2902 1412 2944 uere·

217 2968 343 3043 cunda†
358 2971 476 3050 grauis.
502 2971 628 3051 pudore
655 2970 860 3033 uenerabilis
878 2971 1036 3031 doctrinis
1058 2969 1255 3032 caelestibus
1272 2970 1414 3032 erudita.

217 3058 260 3120 sit
276 3056 439 3119 foecunda
462 3057 493 3117 in
518 3057 639 3119 sobole.
656 3058 698 3120 sit
721 3057 860 3138 probata
877 3066 910 3118 et
927 3058 1092 3118 innocens,
1115 3055 1213 3118 etad
1238 3054 1414 3118 beatorum

217 3144 363 3225 requiem
394 3153 494 3224 atque
524 3144 565 3204 ad
597 3144 752 3206 caelestia
783 3164 882 3225 regna
914 3145 1093 3225 perueniat.
1124 3153 1156 3206 et
1188 3143 1301 3205 uideat
1329 3142 1416 3204 filios

217 3229 357 3292 filiorum
389 3249 522 3291 suorum
555 3251 658 3311 usque
688 3232 720 3292 in
752 3231 883 3293 tertiam
914 3242 947 3293 et
972 3241 1123 3311 quartam
1148 3230 1353 3311 progeniem.
1379 3240 1413 3292 et

216 3327 367 3399 optatam
381 3318 551 3397 perueniat
567 3327 780 3381 senectutem.
797 3338 855 3399 per
871 3318 1053 3381 dominum.

668 3437 699 3499 A
703 3437 730 3499 d
739 3437 963 3519 conqtlendum.

260 3541 449 3624 Quesumus
476 3541 688 3621 omnipotens
711 3542 800 3603 deus.
828 3541 978 3604 instituta
1002 3539 1229 3622 providentiae
1256 3549 1335 3601 tuae
1360 3541 1420 3621 pio

216 3648 329 3691 amore
360 3627 525 3689 comitare.
557 3636 593 3689 ut
620 3648 703 3708 quos
733 3628 880 3710 legitima
907 3629 1064 3690 societate
1091 3626 1244 3689 conectis.
1272 3625 1418 3707 longeua

217 3736 298 3798 pace
314 3712 506 3787 costodias.†
523 3734 580 3794 per
595 3715 776 3777 dominum.

275 3900 422 3964 Orrnrro
446 3913 563 3962 supra
589 3901 863 3963 Poammzu'runr
883 3899 1160 3962 Conrrreuranr
1191 3897 1363 3959 Peccata

443 4002 527 4067 Sun.
554 4004 671 4065 Fiam
700 4004 773 4066 1111
799 4018 840 4066 m
865 4001 1005 4067 Cnema
1030 4001 1182 4064 Ierunu.

261 4135 396 4199 Exaudi
421 4134 556 4196 domine
587 4153 721 4216 praeces
751 4143 881 4195 nostras
907 4144 940 4195 et
968 4132 1028 4194 tibi
1056 4129 1285 4194 confitentium
1319 4149 1422 4210 parce

218 4223 370 4305 peccatis.
397 4230 433 4284 ut
458 4218 556 4303 quos]
572 4220 793 4283 conscientiae
818 4228 927 4282 reatus
954 4228 1095 4282 accusat.
1117 4217 1224 4280 indul·
1249 4214 1421 4296 [fo195v.

216 4310 328 4391 gentia
343 4320 420 4372 tuae
437 4308 656 4370 miserationis
672 4308 834 4370 absoluat.
851 4327 910 4389 per
929 4306 1110 4369 dominum.

475 4440 482 4472 ¹
501 4444 597 4493 Pudice
608 4442 698 4494 should
711 4443 817 4508 probabi
845 4442 877 4492 be
888 4441 996 4492 inserted
1009 4442 1075 4490 bere.

474 4507 485 4538 ²
501 4509 536 4559 So
548 4508 606 4560 MS.
619 4509 657 4558 l'or
668 4508 718 4557 edit
728 4523 757 4558 or
767 4508 809 4557 cd'
824 4509 852 4557 it.
