3038 5106
217 352 270 391 222
463 340 534 391 mr.
564 340 653 393 non.
682 324 771 395 nou
801 341 889 394 rm.
919 342 947 394 s,
976 342 1195 397 ausmrm.

753 499 895 567 Secreta.

265 610 406 674 Munera
421 609 481 674 tibi
496 610 631 674 domine
654 621 787 676 nostrae
809 612 997 676 deuotionis
1019 611 1197 676 offerimus.
1212 632 1300 695 quae
1316 621 1349 676 et
1364 632 1425 695 pro

217 709 415 761 cunctorum
431 697 490 761 tibi
506 707 603 781 grata
618 699 683 762 sint
702 698 827 762 honore
850 701 1019 762 iustorum.
1036 709 1069 763 et
1092 700 1187 763 nobis
1210 699 1369 764 salutaria
1392 709 1435 767 te.

220 785 398 849 miserante
414 785 601 849 reddantur.
618 806 676 869 per
690 786 864 850 dominum
881 796 1039 849 nostrum.

712 918 936 1007 [Praefatiol]

265 1032 329 1112 sti)
341 1044 473 1097 aeterne
485 1034 574 1096 deus.
599 1032 819 1097 Clementiam
832 1044 924 1097 tuam
944 1034 1135 1116 suppliciter
1150 1034 1246 1097 obse-
1257 1033 1312 1116 [fo.
1333 1049 1423 1117 159v.

216 1131 357 1186 crantes.
368 1132 404 1183 ut
415 1140 489 1183 curn
500 1119 728 1183 exultantibus
738 1122 860 1184 sanctis
872 1122 935 1184 tuis
948 1122 979 1183 in
991 1122 1142 1184 caelestis
1158 1122 1249 1203 regni
1260 1121 1424 1185 cubilibus

219 1210 343 1291 gaudia
353 1217 466 1270 nostra
482 1208 671 1288 coniungas.
718 1207 763 1269 Et
778 1228 862 1289 quos
877 1209 1008 1272 uirtutis
1024 1208 1209 1271 imitatione
1225 1228 1291 1271 non
1309 1229 1423 1292 possu-

220 1316 295 1359 mus
317 1296 417 1376 sequi.
434 1295 567 1358 debitae
589 1296 810 1357 uenerationis
833 1296 1066 1377 contingamus
1088 1294 1217 1358 aflectu.
1241 1315 1300 1378 per
1323 1295 1423 1358 chris·

217 1392 300 1447 tum.

674 1501 736 1563 Ad
746 1501 972 1583 complendum.

265 1614 319 1677 Da
345 1633 524 1696 quesumus
550 1613 685 1676 domine
714 1612 867 1676 fidelibus
892 1612 1023 1695 populis
1052 1614 1200 1677 omnium
1232 1623 1421 1676 sanctorum

218 1722 351 1784 semper
387 1701 599 1763 ueneratione
630 1699 752 1762 laetari.
783 1711 817 1763 et
846 1720 961 1763 eorum
992 1710 1151 1783 perpetua
1181 1700 1423 1783 supplicatione

221 1789 348 1852 muniri.
362 1807 420 1871 per
434 1788 615 1852 dominum.

775 1906 867 1969 ΑΙία.

264 2018 487 2101 Omnipotens
503 2019 702 2100 sempiterne
719 2018 808 2081 deus.
823 2019 880 2100 qui
896 2038 956 2080 nos
972 2019 1120 2081 omnium
1137 2029 1327 2082 sanctorum
1345 2019 1430 2083 mul·

218 2106 323 2192 tiplici
340 2105 420 2168 sacis
435 2105 646 2168 caelebritate
662 2106 814 2186 gaudere.
831 2105 976 2168 concede
990 2125 1169 2187 quesumus
1192 2116 1228 2169 ut
1251 2107 1337 2170 sicut
1353 2106 1424 2169 illo-

221 2215 293 2258 rum
310 2193 625 2256 commemoratione
644 2191 818 2274 temporali
841 2191 1046 2274 gratulamur
1068 2192 1184 2255 officio.
1201 2193 1247 2255 ita
1262 2204 1425 2276 perpetuo

218 2280 382 2345 laetemur
396 2290 539 2361 aspectu.
557 2299 616 2361 per
630 2278 812 2340 dominum.

323 2457 460 2519 Eonan
484 2455 558 2518 Dra
582 2454 738 2518 annus
761 2454 903 2518 Snucm
927 2452 1080 2518 Casnuu
1106 2453 1313 2519 Manrunrs.

263 2568 394 2633 Adesto
416 2569 551 2631 domine
575 2576 757 2647 martyrum
781 2566 1035 2649 depraecatione
1058 2576 1256 2629 sanctorum.
1281 2577 1315 2629 et
1339 2587 1425 2649 quos

217 2658 288 2740 pati
305 2677 365 2739 pro
381 2666 438 2718 tuo
455 2656 588 2717 nomine
605 2654 756 2716 tribuisti.
774 2653 824 2715 lac
841 2656 905 2716 tuis
922 2652 1074 2715 fidelibus
1089 2653 1271 2735 suflragari.
1289 2675 1356 2737 per.

773 2791 863 2853 Alia.

264 2896 355 2959 Deus
372 2898 427 2978 qui
443 2916 504 2958 nos
517 2895 603 2957 beati
621 2895 754 2957 caesarii
767 2895 920 2975 martyris
931 2894 978 2956 tui
991 2893 1238 2976 sollempnitate
1255 2894 1424 2959 laetificas.

217 2986 364 3046 concede
381 2983 549 3065 propitius
563 2994 599 3044 ut
611 2983 700 3043 cuius
715 2982 868 3044 natalicia
884 2980 1030 3043 colimus.
1044 2982 1143 3043 ctiam
1155 2982 1303 3043 actiones
1316 2982 1425 3046 imite-

217 3091 300 3133 mur.
316 3091 382 3152 per.

755 3180 892 3243 Secreta.

267 3294 405 3356 Hostias
420 3293 479 3355 tibi
496 3293 629 3355 domine
645 3291 733 3354 beati
750 3293 885 3354 caesarii
903 3293 1055 3373 martyris
1079 3292 1125 3354 tui
1149 3293 1276 3355 dicatas
1299 3294 1424 3355 meritis

217 3379 382 3532 ‹lpenignus
399 3382 544 3443 adsume.
560 3391 594 3442 et
610 3380 652 3442 ad
669 3390 864 3461 perpetuum
882 3379 976 3440 nobis
1000 3380 1106 3442 tribue
1129 3380 1302 3461 prouenire
1318 3380 1424 3442 subsi-

245 3488 320 3531 tum.
336 3487 402 3549 per.

678 3586 740 3647 Ad
750 3585 965 3666 corripiendum

265 3698 454 3781 Quesumus
477 3698 687 3779 omnipotens
704 3699 792 3760 deus.
810 3698 916 3778 utqui
932 3697 1087 3759 caelestia
1102 3697 1261 3759 alimenta
1277 3698 1424 3780 percepi-

223 3806 303 3849 mus
331 3787 554 3848 intercedente
579 3786 677 3847 beato
702 3785 847 3847 caesario
873 3793 1016 3864 martyre
1038 3794 1096 3847 tuo
1120 3804 1179 3866 per
1199 3783 1282 3846 haec
1307 3796 1423 3848 contra

218 3874 335 3937 omnia
350 3873 488 3935 aduersa
505 3873 698 3934 muniamur.
715 3893 773 3952 per
787 3871 968 3933 dominum.

265 4054 331 4104 1111.
357 4040 451 4102 Nou.
476 4039 569 4101 Nou.
595 4038 751 4100 Nnnnun
775 4036 916 4101 Sancti
941 4035 1150 4100 Eustacnu
1175 4036 1384 4101 Mansunrs.

266 4153 358 4215 Deus
374 4145 429 4233 oui
446 4151 579 4213 beatum
596 4150 801 4213 eustachium
824 4148 871 4232 lin
896 4148 1170 4230 temptationibus
1187 4168 1260 4230 pro·
1277 4147 1333 4230 [so.
1356 4150 1422 4214 160.

219 4239 316 4303 basti.
332 4249 366 4301 et
381 4238 557 4321 probatum
581 4237 754 4299 coronasti.
771 4237 872 4318 ipsius
894 4236 1123 4317 sociorumque
1145 4236 1215 4298 eius
1239 4237 1365 4298 meritis
1388 4238 1421 4299 in

221 4327 375 4389 omnibus
391 4322 665 4406 temptationibus
681 4333 774 4387 tuum
791 4323 886 4386 nobis
904 4333 1036 4406 praesta
1058 4323 1219 4386 auxilium
1243 4332 1277 4386 et
1300 4324 1421 4406 sempi-

217 4421 357 4477 ternum
366 4412 534 4496 gaudium.
549 4429 608 4492 per
622 4411 804 4474 dominum.

544 4525 553 4560 ¹
569 4529 632 4579 This
642 4529 753 4595 heading
762 4528 784 4580 is
793 4527 900 4579 omitted
910 4527 938 4579 io
948 4526 991 4579 tlte
1003 4527 1052 4580 MS
