3038 5106
192 353 238 403 ¹²4
442 346 534 397 DOM.
557 345 624 396 IIII.
644 344 741 395 POST
755 345 832 396 OCT.
852 342 1137 396 PENTECOSTEN.

699 504 881 584 Praefatt'o.

238 616 287 679 (D
311 624 444 680 aeterne
460 617 549 679 deus.
597 616 658 680 Illa
679 618 803 699 quippe
826 617 911 681 festa
932 617 1101 681 remeant¹
1116 614 1236 697 quibus
1259 621 1398 676 nostrae

195 702 388 767 mortalitati
406 714 599 787 procuratur
614 705 789 767 inmortale
804 705 1040 767 commercium
1056 724 1096 765 ac
1111 701 1286 785 temporali
1304 702 1398 764 uitae

196 790 394 871 subrogatur
416 792 604 853 aeternitas.
629 800 661 853 et
687 793 730 854 de
757 793 884 874 peccati
903 811 1011 873 poena
1027 800 1164 873 peccata
1181 789 1397 851 mundantur.

196 875 355 958 Mirisque
386 879 493 940 modis
531 877 703 940 conficitur
736 878 778 941 de
811 879 997 961 perditione
1027 878 1178 939 saluatio.
1209 885 1247 939 ut
1283 883 1397 937 status

193 964 396 1026 condicionis
426 965 570 1041 humane
608 966 663 1046 qui
703 985 760 1046 per
797 965 963 1028 felicitatis
994 960 1186 1033 insolentia†
1218 962 1313 1026 uenit
1352 962 1398 1023 ad

194 1051 370 1112 tristitiam.
402 1051 535 1113 humilis
565 1061 599 1114 et
631 1053 809 1114 modestus,
840 1053 882 1115 ad
913 1062 1047 1115 aeterna
1074 1050 1213 1134 sgaudia
1239 1049 1294 1132 [s0.
1321 1049 1399 1127 89v.

196 1138 309 1199 redeat
325 1159 383 1220 per
400 1158 571 1201 merorem.
588 1158 646 1220 per
662 1138 828 1201 christum.

641 1275 704 1338 Ad
721 1276 945 1358 conplendum.

242 1388 335 1450 Haec
362 1410 421 1451 nos
446 1389 637 1451 communio
663 1389 798 1451 domine
824 1400 943 1471 purget
969 1410 989 1452 a
1015 1389 1161 1451 crimine.
1185 1395 1218 1450 et
1243 1385 1400 1449 caelestis

196 1477 331 1538 remedii
349 1474 448 1539 saciat
464 1497 535 1538 esse
551 1488 729 1539 consortes,
747 1497 804 1559 per
820 1478 1002 1539 dominum.

655 1613 763 1695 Super
775 1614 938 1695 populum.

240 1724 348 1786 Plebis
372 1734 450 1787 tuae
474 1746 654 1806 quesumus
678 1726 813 1788 domine
839 1727 881 1788 ad
907 1735 940 1788 te
964 1745 1095 1807 semper
1116 1724 1216 1787 corda
1231 1731 1401 1785 conuerte..

197 1820 229 1874 et
245 1832 345 1892 quarn
363 1814 464 1874 tantis
481 1814 560 1873 iacis
584 1814 775 1894 patrociniis
798 1814 955 1876 adiuuari.
969 1813 1137 1895 perpetuis
1164 1830 1230 1872 non
1256 1807 1402 1877 desinis†

197 1899 380 1980 gubernare
397 1901 575 1980 praesidiis.
593 1920 652 1980 per
667 1901 848 1962 dominum.

338 2107 536 2171 Donrsrcn
562 2108 644 2170 1111.
669 2122 760 2172 Posr
784 2107 957 2172 Oceanus
981 2109 1264 2171 Peurucosrau.

241 2237 411 2298 l‘rotector
438 2237 470 2298 in
496 2245 529 2298 te
557 2238 761 2318 sperantium
783 2240 872 2302 deus.
890 2239 959 2299 sine
983 2258 1051 2318 quo
1074 2235 1154 2298 nihil
1171 2243 1222 2297 est
1237 2234 1399 2297 ualidum.

197 2323 276 2384 nihil
302 2334 463 2385 sanctum.
481 2323 664 2406 multiplica
688 2345 787 2405 super
814 2345 874 2386 nos
900 2324 1158 2386 misericordiam
1184 2333 1286 2385 tuam.
1304 2332 1341 2383 ut
1363 2331 1398 2383 te

198 2420 323 2472 rectore
354 2421 387 2471 tc
417 2411 501 2472 duce
532 2411 578 2471 sic
608 2420 815 2474 transeamus
846 2432 904 2493 per
928 2411 1015 2473 bona
1038 2410 1235 2492 temporalia
1260 2419 1296 2471 ut
1327 2428 1396 2470 non

198 2499 391 2559 amittamus
408 2508 549 2559 aeterna.
567 2518 625 2579 per
641 2500 827 2561 dominum.

733 2634 871 2698 Secreta.

242 2738 384 2819 Respice
414 2739 549 2800 domine
577 2758 714 2800 munera
745 2739 963 2819 supplicantis
1002 2736 1188 2799 aecclesiae.
1224 2743 1257 2798 et
1295 2734 1396 2797 saluti

196 2827 410 2887 credentium.
448 2838 609 2907 perpetua
647 2825 908 2888 sanctificatione
946 2827 1109 2887 sumenda
1146 2822 1299 2886 concede.
1338 2843 1399 2904 per

196 2913 377 2974 dominum.

716 3029 896 3110 Praefatio.

241 3133 290 3194 tf)
315 3141 447 3193 aeterne
463 3130 553 3192 deus.
579 3141 611 3194 et
638 3133 917 3214 omnipotentiam
943 3140 1035 3194 tuam
1065 3132 1183 3211 iugiter
1210 3128 1396 3210 implorare.

199 3228 235 3280 ut
261 3218 356 3279 nobis
379 3228 412 3278 et
440 3220 621 3298 praesentis
649 3221 738 3281 uitae
754 3219 937 3280 subsidium
955 3230 987 3281 et
1012 3229 1144 3294 aeterne
1161 3216 1286 3279 tribuas
1302 3237 1396 3297 prae·

198 3307 300 3367 mium
325 3306 571 3383 sempiternum.
612 3304 689 3386 Quo
714 3307 760 3366 sic
785 3305 957 3368 mutabilia
983 3306 1071 3367 bona
1096 3306 1266 3385 capiamus
1283 3312 1319 3364 ut
1337 3323 1397 3384 per

198 3393 278 3454 lraec
295 3391 338 3453 ad
355 3392 640 3453 incommutabilia
656 3394 744 3454 dona
761 3394 931 3475 peruenire
948 3393 1126 3454 ualeamus.
1143 3393 1189 3452 sic
1203 3390 1397 3470 temporalis

198 3479 343 3540 laetitiae
360 3488 510 3557 tempora
526 3489 704 3543 transeant.
722 3490 758 3542 ut
781 3481 827 3541 eis
851 3481 973 3560 gaudia
989 3480 1190 3561 sempiterna
1206 3476 1396 3539 succedant.

198 3587 256 3647 per
271 3566 441 3627 christum.

647 3686 709 3748 Ad
721 3688 946 3769 rennuendum.

242 3790 367 3854 Sancta
394 3800 451 3852 tua
479 3809 539 3851 nos
567 3791 702 3853 domine
727 3801 861 3873 sumpta
888 3788 1067 3852 uiuificent.
1093 3800 1125 3852 et
1152 3787 1397 3850 misericordiae

199 3880 420 3958 sempiternae
437 3887 636 3959 praeparent
652 3879 815 3959 expiatos
833 3899 891 3959 per
906 3878 1080 3940 dominum
1098 3885 1255 3938 nostrum.

665 4010 772 4092 Super
778 4012 941 4092 populum.

243 4115 425 4195 Propitiare
449 4113 573 4195 populo
587 4124 645 4176 tuo
661 4116 750 4176 deus
769 4125 803 4178 ut
821 4136 840 4176 a
856 4116 923 4177 suis
947 4113 1168 4194 prauitatibus
1191 4111 1348 4173 liberatus
1364 4120 1399 4172 et

199 4213 271 4264 toto
287 4204 346 4264 tibi
375 4201 473 4263 corde
500 4202 673 4263 deseruiat.
691 4213 723 4264 et
751 4202 813 4264 sub
840 4213 897 4265 tua
924 4202 1130 4283 protectione
1154 4200 1322 4261 consistat.
1340 4218 1399 4279 per

199 4291 371 4352 dominum
389 4298 546 4351 nostrum.

233 4420 313 4471 ¹The
337 4420 435 4470 leofric
454 4420 542 4469 Missal
563 4437 649 4485 agrees
669 4421 729 4470 with
742 4421 792 4471 this
809 4421 919 4484 reading.
955 4420 1013 4468 The
1031 4418 1145 4468 Rheinau
1164 4417 1354 4480 Sacramentary
1374 4417 1404 4465 ol

200 4488 297 4544 Ziirich‚
311 4488 360 4535 and
378 4487 421 4535 the
432 4486 537 4549 original
555 4496 606 4535 text
624 4487 653 4534 oi
670 4488 712 4536 the
725 4488 750 4537 S.
774 4488 832 4537 Gall
854 4488 909 4537 MS.
934 4485 990 4549 348,
1012 4485 1076 4534 have
1095 4491 1241 4532 ramaneant
1251 4501 1257 4532 :
1278 4482 1401 4531 lluratori

198 4554 263 4602 from
277 4552 358 4601 Codex
372 4552 552 4601 Ottobom'anus
563 4553 608 4602 has
622 4553 747 4614 Quoniam
760 4553 807 4601 illa
814 4551 884 4617 serta
896 4556 1035 4601 reuenirent.
