3038 5106
83 266 87 273 ¹
131 280 135 285 ¹
227 334 280 405 ,r
576 332 727 387 anem
744 334 822 387 tro
839 334 1068 393 omnm

672 486 973 573 aramma
1054 524 1057 529 -
1117 506 1120 511 ·

271 592 329 659 Da
355 590 489 658 ueniam
518 588 655 657 domine
681 612 863 675 quesumus
899 614 959 678 per
992 592 1077 659 haec
1112 600 1231 657 sancta
1266 590 1429 675 mysteria

227 680 360 746 animae
382 678 498 745 famuli
521 679 579 743 tui.
593 678 640 743 ill.
662 689 700 744 ut
725 700 862 746 occursu
889 701 957 747 non
983 688 1145 746 terreatur
1168 678 1267 745 malo.
1282 678 1342 744 sed
1367 687 1428 743 tuo

226 787 360 853 semper
372 774 567 852 protegatur
580 764 716 832 auxilio.
730 785 798 850 per.

488 926 607 992 Mrssa
629 936 702 991 eno
724 924 920 991 Monncrro
943 924 1162 993 Daruncro.

273 1040 388 1105 Presta
411 1058 591 1123 quesumus
616 1038 829 1121 omnipotens
854 1037 937 1102 deus
960 1047 998 1103 ut
1020 1038 1133 1103 anima
1157 1037 1272 1102 famuli
1298 1036 1358 1101 tui
1382 1034 1428 1099 r'll.

227 1128 286 1211 qui
312 1149 373 1211 pro
388 1128 437 1191 tui
453 1126 596 1189 nominis
623 1145 736 1189 amone
760 1146 782 1189 a
805 1124 928 1189 saeculi
954 1124 1069 1202 huius†
1090 1145 1277 1190 conuersus.
1292 1142 1427 1188 cursum

227 1234 326 1279 suum
352 1212 603 1292 coenobialliter
628 1212 881 1276 consummauit.
910 1212 945 1275 in
974 1213 1048 1277 sinu
1078 1211 1224 1276 abrahae
1252 1209 1309 1294 [fo.
1333 1226 1428 1275 nov,

227 1310 370 1386 recepta.
385 1320 452 1365 non
467 1300 584 1364 timeat
609 1299 643 1362 in
670 1301 817 1362 aduentu
840 1298 964 1382 gloriae
979 1309 1057 1364 tuae
1071 1300 1130 1363 sed
1146 1318 1261 1362 secura
1275 1299 1318 1362 de
1334 1297 1429 1380 regni

227 1387 278 1455 rui
292 1388 398 1473 gloria
411 1388 517 1451 uitam
533 1395 702 1449 aeternam
718 1386 875 1469 consequi
892 1396 1064 1450 mereatur.
1080 1407 1138 1469 per
1153 1387 1337 1451 dominum.

759 1503 897 1569 Secreta

273 1610 407 1675 Intuere
421 1629 601 1693 quesumus
623 1609 836 1692 omnipotens
858 1619 993 1674 aeterne
1007 1611 1098 1675 deus.
1111 1610 1261 1692 placatus
1277 1617 1312 1672 et
1326 1606 1431 1672 susci·

228 1716 308 1783 pere
322 1698 461 1780 dignare
474 1696 539 1760 hoc
553 1694 750 1760 sacrificium
766 1696 856 1779 quod
871 1696 933 1761 tibi
947 1695 1125 1761 offerimus.
1141 1717 1201 1780 pro
1218 1694 1345 1761 famulo
1359 1704 1429 1759 tuo

228 1785 275 1850 ill.
287 1795 321 1850 et
337 1785 481 1849 concede
494 1783 540 1847 illi
556 1802 673 1866 pacem
688 1793 884 1866 perpetuam
896 1793 931 1848 et
940 1785 1087 1866 requiem
1100 1785 1350 1867 sempiternam.
1361 1800 1430 1865 per.

697 1902 761 1967 Ad
768 1902 995 1985 complendum.

274 2002 409 2069 Praesta
432 2001 567 2066 domine
590 2011 628 2066 ut
651 2003 737 2067 sicut
769 2003 898 2067 animas
928 2003 1109 2068 electorum
1136 2012 1270 2067 tuorum
1295 2002 1431 2068 caelesti

229 2089 494 2156 remuneratione
518 2087 684 2154 laetificas.
711 2090 760 2153 ita
784 2099 818 2154 et
841 2091 953 2154 anima
976 2089 1090 2155 famuli
1118 2092 1166 2154 tui
1191 2090 1300 2155 fratris
1324 2090 1432 2155 nostri

226 2176 424 2243 clementiae
439 2186 517 2241 tuae
531 2176 665 2258 pietatis
680 2176 812 2241 ueniam
827 2176 985 2260 consequi
1001 2187 1172 2243 mereatur.
1187 2197 1254 2260 per.

581 2329 699 2395 Mrssn
722 2329 849 2397 Unws
872 2329 1081 2396 Daruncm

274 2444 498 2528 Omnipotens
512 2445 713 2528 sempiterne
737 2446 828 2511 deus.
852 2446 905 2510 cui
929 2466 1112 2531 numquam
1137 2446 1208 2509 sine
1228 2466 1289 2529 spe
1304 2445 1430 2511 miseri·

228 2532 361 2598 cordiae
376 2531 588 2621 supplicatur.
612 2532 792 2615 propitiare
816 2532 946 2596 animae
974 2532 1087 2598 famuli
1114 2535 1170 2597 tui.
1196 2533 1240 2618 ill.
1261 2542 1298 2597 ut
1313 2533 1371 2617 qui
1386 2534 1430 2598 de

231 2618 294 2684 hac
310 2621 380 2684 uita
395 2620 428 2682 in
444 2620 492 2681 tui
509 2620 652 2683 nominis
668 2619 874 2684 confessione
889 2618 1074 2695 disscessit†
1088 2631 1278 2684 sanctorum
1295 2630 1429 2685 tuorum

232 2727 371 2772 numero
387 2706 487 2771 iacias
502 2726 578 2770 eum
595 2706 776 2789 adgregari.
793 2728 859 2790 per.

743 2823 913 2912 [Secreta]

275 2930 435 2995 Animam
461 2928 576 2993 famuli
603 2930 650 2992 tui
677 2929 812 2993 domine
845 2931 889 2993 ab
921 2931 1075 2993 omnibus
1099 2931 1188 2993 uitiis
1215 2941 1248 2993 et
1274 2930 1427 3012 peccatis.

232 3017 432 3081 conditionis
447 3016 612 3079 humanae
637 3017 719 3080 haec
743 3016 896 3081 absoluat
921 3016 1057 3082 oblatio.
1083 3037 1168 3099 quae
1192 3019 1296 3080 totius
1312 3018 1427 3083 mundi

231 3102 309 3168 tulit
323 3104 496 3167 immolata
512 3113 697 3186 peccatum.
714 3122 779 3186 per.

682 3226 713 3286 Α
719 3221 746 3283 d
754 3224 977 3305 complendum.

278 3326 385 3390 Prosit
419 3326 555 3389 domine
581 3326 712 3391 animae
753 3326 866 3390 famuli
911 3328 967 3391 tui.
1009 3326 1054 3391 ill.
1093 3328 1196 3391 diuini
1230 3328 1428 3392 caelebratio

233 3413 430 3477 sacramenti
446 3423 482 3476 ut
497 3414 567 3476 eius
593 3414 626 3476 in
650 3432 718 3495 quo
743 3415 888 3495 sperauit
911 3424 945 3477 et
969 3415 1115 3478 credidit.
1132 3425 1303 3478 aeternum
1319 3416 1428 3498 capiat

183 3506 188 3517 '
233 3510 267 3564 te
283 3501 459 3564 miserante
475 3500 684 3564 consortium.
700 3521 760 3583 per
773 3501 955 3565 dominum.

726 3628 822 3692 lren
846 3628 953 3693 Ama,

280 3730 407 3794 lnclina
422 3731 556 3794 domine
572 3750 684 3794 aurem
707 3740 800 3795 tuam
816 3734 859 3797 ad
875 3752 1009 3815 praeces
1024 3743 1153 3796 nostras
1169 3733 1289 3813 quibus
1306 3732 1430 3797 miseri·
1464 3746 1468 3754 '

234 3817 380 3882 cordiam
408 3827 500 3880 tuam
525 3817 691 3901 supplices
716 3818 940 3901 deprecamur.
963 3830 1000 3883 ut
1015 3821 1161 3883 animam
1179 3820 1292 3883 samnii
1308 3821 1365 3885 tui.
1382 3819 1428 3884 ill.

234 3924 336 3987 quam
373 3903 416 3968 de
452 3903 515 3966 hoc
557 3904 689 3968 saeculo
727 3907 868 3988 migrare
904 3906 1035 3970 iussisti.
1073 3908 1105 3970 in
1144 3908 1235 3988 pacis
1271 3928 1310 3970 ac
1348 3906 1455 3988 lucis·

236 3990 385 4076 relgione
409 3991 591 4055 constituas
615 4001 649 4055 et
675 4002 865 4057 sanctorum
892 4002 1023 4057 tuorum
1050 3993 1163 4057 iubeas
1188 4014 1260 4057 esse
1283 3993 1340 4076 [io.
1358 4011 1428 4058 221.

235 4088 431 4143 consortem.
447 4098 506 4160 per
520 4078 703 4142 dominum.

767 4189 904 4255 Secreta

279 4291 430 4359 Absolue
458 4291 594 4357 domine
621 4292 767 4358 animam
805 4293 920 4358 famuli
949 4297 997 4359 tui
1027 4295 1073 4361 r‘ll.
1102 4297 1146 4359 ab
1176 4297 1266 4360 omni
1297 4296 1431 4361 uinculo

236 4379 442 4445 delictorum.
458 4388 496 4444 ut
515 4381 550 4444 in
574 4380 820 4447 resurrectionis
844 4380 952 4465 gloria
975 4383 1062 4447 inter
1084 4393 1218 4447 sanctos
1233 4393 1309 4447 tuos
1324 4402 1430 4448 resus-

234 4467 356 4532 citatus
371 4465 516 4551 respiret
529 4486 598 4551 per.
