3038 5106
469 342 560 391 DOM.
582 341 660 392 OCT.
682 339 964 391 PENTECOSTEN.

666 502 757 565 Alia.

169 602 230 667 lllo
254 625 316 667 nos
343 602 420 687 igne
444 625 625 688 quesumus
650 606 785 669 domine
806 606 940 688 spiritus
971 612 1105 666 sanctus
1137 598 1321 663 inflammet

119 712 221 773 quem
248 693 403 755 dominus
428 703 540 755 noster
567 694 653 755 iesus
679 694 820 755 christus
848 693 937 754 misit
960 693 992 753 in
1013 701 1142 753 terram.
1159 698 1192 751 et
1216 688 1321 749 uoluit

119 780 335 843 uehementer
349 780 494 843 accendi.
510 781 565 861 qui
581 790 700 843 tecum.

668 901 759 964 Alia.

165 1000 275 1084 lDeus
290 1004 346 1085 qui
363 1004 406 1066 ad
431 1004 617 1067 animarum
649 1004 813 1067 medelam
840 1003 949 1066 ieiunii
977 1002 1156 1064 deuotione
1179 998 1234 1081 [fo.
1252 1000 1322 1077 87v.

120 1090 277 1171 castigari
294 1111 433 1172 corpora
448 1093 611 1173 recepisti¹
628 1092 773 1154 concede
789 1092 884 1154 nobis
909 1091 1080 1172 propitius.
1097 1086 1147 1149 ut⁴³
1164 1096 1275 1149 mente
1290 1098 1324 1147 et

119 1198 260 1258 corpore
275 1198 407 1260 semper
422 1180 481 1241 tibi
498 1198 570 1241 csse
585 1179 734 1241 deuotos.
751 1199 809 1260 per
823 1178 996 1240 dominum
1014 1187 1171 1237 nostrum.

668 1299 759 1362 Alr'a.

169 1400 306 1464 Praesta
335 1422 516 1483 quesumus
546 1404 759 1483 omnipotens
785 1403 867 1464 deus
898 1409 934 1463 ut
965 1398 1164 1462 salutaribus
1195 1397 1323 1460 ieiuniis

121 1488 252 1550 eruditi.
269 1488 312 1551 ab
326 1491 481 1551 omnibus
498 1490 598 1551 etiam
615 1491 703 1552 uitiis
719 1489 931 1552 abstinentes.
946 1488 1214 1569 propitiationem
1231 1495 1323 1545 tuam

122 1574 254 1637 facilius
270 1576 495 1658 impetremus.
512 1597 577 1659 per.

669 1697 760 1760 Alia.

171 1798 307 1861 Praesta
344 1819 523 1881 quesumus
561 1801 772 1883 omnipotens
810 1802 901 1873 deus,
938 1800 983 1860 sic
1022 1818 1082 1859 nos
1119 1796 1162 1858 ab
1199 1794 1326 1877 aepulis

125 1885 315 1949 carnalibus
342 1887 516 1951 abstinere.
541 1900 577 1950 ut
602 1909 622 1950 a
646 1889 734 1950 uitiis
762 1887 967 1950 inruentibus
992 1886 1113 1968 pariter
1136 1884 1326 1945 ieiunemus.

126 1992 196 2055 per.

625 2094 688 2157 Ad
706 2095 849 2157 rrrissom.

174 2196 267 2260 Deus
292 2198 347 2280 qui
373 2198 477 2260 tribus
502 2199 610 2280 pueris
642 2200 799 2280 mitigasti
832 2198 983 2260 flammas
1015 2197 1151 2277 ignium.
1181 2192 1327 2254 concede

128 2285 291 2366 propitius
329 2294 365 2347 ut
402 2306 462 2347 nos
501 2286 643 2347 famulos
679 2298 755 2348 tuos
800 2307 866 2348 non
896 2287 1029 2347 exurat³
1066 2283 1230 2344 uitiorum.
1270 2299 1327 2361 per

125 2372 301 2434 dominum
318 2381 475 2435 nostrum.

661 2493 796 2558 Secreta.

177 2590 270 2673 [U⁴]t
307 2602 445 2674 accepta
483 2593 549 2655 sint
587 2593 722 2656 domine
760 2605 872 2656 nostra
911 2592 1037 2654 ieiunia.
1070 2600 1201 2672 praesta
1232 2585 1327 2648 nobis

127 2697 310 2759 quesumus
326 2678 422 2741 huius
433 2700 567 2742 munere
580 2682 777 2742 sacramenti
788 2678 997 2762 purificatum
1011 2679 1070 2741 tibi
1083 2690 1198 2759 pectus
1210 2670 1329 2743 offeri's

130 2786 191 2847 per
205 2765 379 2829 dominum
396 2777 555 2829 nostrum.

648 2886 828 2965 Praefatio.

177 2990 227 3053 tf)
251 2999 384 3052 aeterne
400 2990 489 3052 deus.
537 2990 582 3051 Et
606 2999 698 3053 tuam
715 2990 991 3072 omnipotentiam
1010 2986 1140 3050 deuotis
1155 2982 1328 3067 praecibus

132 3077 320 3141 immolare⁵
335 3088 372 3139 ut
388 3074 466 3147 nos†
480 3077 614 3157 spiritus
625 3080 672 3139 tui
690 3079 800 3140 lumen
818 3077 980 3140 infundas.
991 3077 1083 3137 cuius
1094 3094 1154 3135 nos
1167 3071 1330 3152 sapientia

131 3174 231 3227 creat.
249 3166 356 3245 pietas
383 3174 515 3225 recreat.
539 3176 573 3226 et
599 3166 808 3245 prouidentia
835 3165 1005 3245 gubernat.
1052 3160 1118 3242 Qui
1143 3179 1218 3221 cum
1236 3180 1255 3219 a
1272 3169 1329 3218 tua

131 3252 320 3314 substantia
352 3251 442 3312 nullo
469 3252 568 3313 modo
594 3253 635 3314 sit
660 3254 810 3314 diuersus
837 3253 895 3314 sed
921 3251 980 3313 tibi
1006 3260 1037 3311 et
1069 3248 1242 3327 unigenito
1272 3255 1330 3306 tuo

129 3338 425 3401 consubstantialis
441 3349 473 3400 ct
490 3348 691 3400 coaeternus.
708 3340 900 3401 diuersitate
916 3349 1026 3399 tamen
1044 3336 1207 3397 donorum
1226 3332 1331 3414 replet

129 3437 266 3489 tuorum
281 3425 383 3487 corda
399 3423 553 3487 fidelium.
571 3446 628 3507 per
643 3446 751 3507 quem.

580 3555 642 3617 Ad
660 3553 885 3635 corrplcndmn.

180 3656 364 3719 Praebeant
380 3656 477 3718 nobis
493 3659 643 3720 diuinum
660 3668 775 3720 sancta
793 3659 955 3720 feruorem
980 3677 1047 3738 quo
1072 3674 1186 3717 corum
1212 3652 1334 3734 pariter

130 3757 165 3810 ct
181 3758 259 3807 actu
276 3742 478 3807 delectemur
493 3760 526 3807 et
544 3745 657 3808 fructu.
675 3766 733 3827 per
749 3746 930 3807 dominum.

384 3908 582 3975 Dommca
605 3911 776 3974 Ocnmns
803 3912 1084 3973 l’asrncosrnu.

180 4028 406 4111 Omnipotens
428 4032 628 4113 sempiterne
645 4034 734 4095 deus.
758 4032 799 4093 ad
823 4030 931 4114 scuius
954 4030 1194 4092 beatitudinem
1212 4027 1266 4109 [to.
1285 4028 1334 4088 88.

132 4118 375 4199 sempiternam
402 4137 469 4179 non
495 4118 671 4201 fragilitate
694 4120 808 4182 carnis.
825 4120 883 4180 sed
900 4118 1070 4181 alacritate
1088 4118 1207 4180 mentis
1223 4136 1335 4177 ascen-

366 4264 373 4296 ¹
391 4268 441 4318 For
447 4272 602 4333 praecepisti.

363 4330 375 4365 ²
389 4334 438 4383 For
448 4343 479 4385 et.

363 4396 375 4430 ³
390 4400 507 4449 flamma
518 4401 540 4450 is
550 4402 654 4451 omitted
667 4401 691 4450 in
704 4402 746 4451 the
758 4402 814 4451 MS.

362 4464 375 4497 ⁴
389 4466 452 4515 This
463 4466 534 4516 letter
546 4467 664 4517 hasbeen
676 4468 781 4517 omitted
794 4470 826 4532 by
838 4468 880 4517 the
892 4468 1050 4518 illuminator.

362 4530 374 4563 ὓ
390 4532 440 4581 For
450 4534 589 4597 implorare.
