3038 5106
213 337 259 387 126
460 338 551 389 DOM.
573 337 648 389 VIII.
668 338 765 389 POST
779 338 857 390 OCT.
876 336 1159 390 PENTECOSYEN.

660 517 724 581 Ad
733 518 962 600 complendum.

257 629 351 712 Quos
373 628 507 692 caelesti
532 629 667 692 domine
692 631 783 693 dono
807 631 947 694 satiasti.
964 641 1097 712 praesta
1121 650 1303 712 quesumus
1330 638 1368 692 ut
1396 648 1417 690 a

213 719 333 780 nostris
350 719 548 780 mundemur
565 717 711 780 occultis,
732 728 766 781 et
782 719 826 781 ab
842 717 990 781 hostium
1008 718 1186 781 liberemur
1201 717 1340 779 insidiis.
1357 736 1419 798 per

212 805 394 867 dominum.

674 915 783 999 Super
788 917 951 999 populum.

255 1029 364 1092 Tuere
374 1028 509 1090 domine
525 1049 705 1109 quesumus
722 1029 880 1092 familiam
898 1040 997 1093 tuam.
1017 1038 1050 1093 et
1066 1029 1270 1113 spiritalibus
1285 1029 1417 1093 instrue

213 1115 402 1198 disciplinis,
420 1136 478 1197 per
493 1115 665 1179 dominum
687 1126 845 1180 nostrum.

363 1292 562 1354 Doumrca
576 1292 657 1355 VII.
676 1306 764 1356 rosa
781 1292 954 1357 ocmms
973 1294 1255 1356 Paurscosrsu.

256 1414 349 1476 Deus
379 1415 539 1476 uirtutum
571 1414 662 1476 cuius
692 1424 743 1476 est
769 1423 877 1477 totum
909 1416 998 1496 quod
1029 1424 1079 1477 est
1104 1415 1269 1496 optimum
1300 1413 1414 1476 insere

212 1502 402 1583 pectoribus
433 1502 553 1562 nostris
583 1520 730 1563 amorem
761 1502 809 1563 tui
841 1503 992 1564 nominis.
1016 1512 1050 1564 et
1081 1512 1213 1582 praesta
1246 1502 1278 1562 in
1311 1502 1414 1563 nobis

213 1588 380 1669 religionis
402 1599 628 1669 augmentum.
656 1598 692 1649 ut
717 1608 804 1669 quae
830 1599 908 1651 sunt
936 1588 1024 1651 bona
1049 1589 1183 1651 nutrias
1207 1608 1246 1651 ac
1272 1589 1414 1669 pietatis

213 1677 332 1738 studio.
350 1684 528 1756 quaesunt
545 1676 669 1737 nutrita
685 1675 862 1739 custodias.
880 1696 938 1758 per
953 1677 1135 1738 dominum.

742 1805 881 1868 Secreta.

256 1908 439 1990 Propitiare
464 1909 598 1971 domine
621 1929 801 1990 quesumus
822 1909 1121 1991 supplicationibus
1144 1910 1325 1972 nostriset
1349 1909 1413 1973 has

211 1996 398 2059 oblationes
415 1996 528 2077 populi
547 1997 593 2057 tui
617 1996 781 2077 benignus
804 2017 944 2060 assume.
961 2005 994 2059 et
1016 2006 1053 2059 ut
1077 1996 1197 2058 nullius
1220 1997 1263 2058 sit
1279 1996 1411 2059 irritum

212 2093 327 2146 uotum
355 2092 388 2145 et
416 2083 536 2145 nullius
564 2104 669 2145 uacua
700 2081 890 2165 postulatio.
921 2093 1053 2165 praesta
1082 2093 1119 2146 ut
1145 2084 1235 2164 quod
1266 2083 1413 2147 fideliter

211 2171 363 2252 petimus.
380 2169 557 2232 efficaciter
568 2190 816 2251 consequamur.
834 2191 893 2251 per
908 2172 1089 2234 dominum.

713 2308 897 2387 Praefatio.

256 2411 306 2474 iffi)
330 2420 463 2473 aeterne
479 2412 571 2473 deus,
587 2420 621 2472 et
638 2411 697 2473 tibi
714 2431 836 2474 uouere
852 2412 985 2475 contriti
1002 2410 1198 2474 sacrificium
1222 2412 1331 2475 cordis
1346 2413 1411 2476 tibi

213 2497 315 2560 libare
332 2498 509 2582 humis¹liati
521 2499 691 2560 uictimam
708 2500 859 2580 pectoris,
898 2498 932 2561 A
944 2519 1011 2580 quo
1027 2519 1126 2561 omne
1143 2500 1267 2562 bonum
1284 2499 1341 2580 [so.
1357 2519 1411 2582 91.

212 2587 374 2647 sumimus
390 2606 523 2647 omnem
549 2585 787 2647 iocunditatem
805 2585 981 2648 haurimus.
1029 2586 1226 2648 Praecamur
1242 2587 1355 2666 itaque
1371 2597 1410 2650 ut

212 2671 271 2733 tibi
297 2674 499 2734 conscientia
524 2683 637 2734 nostra
667 2673 853 2735 famuletur.
878 2683 910 2734 et
939 2684 974 2735 ut
999 2673 1031 2733 in
1055 2675 1154 2735 tede
1179 2674 1233 2735 die
1261 2674 1291 2734 in
1317 2675 1409 2737 diem

213 2759 384 2820 meliorata
407 2758 564 2839 proficiat.
590 2768 667 2821 tuae
690 2761 816 2840 gratiae
839 2761 1036 2823 intemerata
1059 2760 1227 2822 subdatur.
1275 2760 1409 2824 Nostris

212 2866 272 2907 nos
285 2846 418 2908 domine
431 2866 610 2927 quesumus
621 2867 744 2908 euacua
756 2846 851 2908 malis
861 2848 993 2927 tuisque
1005 2849 1094 2928 reple
1110 2867 1169 2928 per
1178 2848 1291 2909 omnia
1300 2847 1408 2911 bonis

211 2941 247 2995 ut
268 2943 423 3013 percepta
446 2934 553 3013 gratia
575 2953 675 3012 quam
699 2945 812 2995 nostra
835 2954 900 2995 non
925 2934 1065 3014 exigunt
1089 2935 1212 2995 merita.
1237 2955 1256 2995 a
1279 2938 1410 2998 cunctis

210 3018 465 3082 aduersitatibus
498 3019 625 3081 liberati
661 3020 693 3080 in
727 3020 822 3082 bonis
848 3021 1003 3083 omnibus
1034 3021 1220 3083 confirmati
1254 3023 1409 3103 supernis

210 3106 336 3169 ciuibus
353 3126 537 3167 mereamur
552 3107 716 3187 coniungi.
735 3128 792 3189 per
807 3107 974 3170 christum.

656 3245 719 3306 Ad
729 3245 953 3326 complendum.

257 3348 388 3429 Repleti
427 3369 540 3409 sumus
576 3348 710 3410 domine
747 3349 936 3412 muneribus
968 3350 1040 3411 tuis.
1086 3350 1193 3412 tribue
1226 3370 1410 3431 quesumus

212 3444 247 3497 ut
272 3456 385 3497 eorum
402 3445 435 3497 et
452 3435 650 3498 mundemur
669 3435 797 3499 effectu.
815 3448 848 3500 et
865 3438 1052 3499 muniamur
1068 3438 1201 3499 auxilio
1218 3458 1277 3519 per
1299 3438 1410 3500 domi-

210 3542 298 3584 num.

665 3625 773 3707 Super
779 3628 942 3708 populum.

254 3727 411 3791 Guberna
435 3728 570 3789 domine
597 3749 777 3808 quesumus
801 3731 932 3812 plebem
950 3741 1050 3794 tuam.
1077 3740 1110 3793 et
1138 3732 1202 3793 tuis
1227 3731 1409 3794 commulal

211 3816 391 3897 praesidiis.
427 3824 463 3876 ut
495 3818 678 3895 praesentis
709 3818 799 3879 uitae
828 3819 978 3882 subsidio
1004 3819 1149 3900 gaudeat
1178 3828 1211 3881 et
1242 3833 1407 3882 aeternae.

210 3923 268 3985 per
283 3903 456 3965 dominum
474 3913 632 3965 nostrum.

354 4073 551 4134 Dorrrn'rcn
567 4072 666 4134 VIII.
684 4086 774 4136 rosa
792 4072 961 4137 Ocraans
979 4075 1260 4138 Paniscosrau.

252 4193 345 4255 Deus
375 4193 467 4254 cuius
494 4194 705 4275 prouidentia
731 4193 763 4256 in
791 4195 842 4256 sui
867 4195 1085 4277 dispositione
1115 4215 1182 4256 non
1211 4194 1342 4257 fallitur.
1374 4204 1409 4257 te

209 4281 374 4362 supplices
398 4300 584 4342 exoramus.
601 4288 637 4342 ut
655 4282 756 4342 noxia
772 4291 892 4344 cuncta
907 4282 1106 4345 submoueas
1125 4291 1159 4344 et
1174 4283 1287 4345 omnia
1310 4282 1408 4345 nobis

209 4367 380 4449 profutura
397 4368 569 4430 concedas
585 4388 643 4449 per
659 4369 840 4430 dominum.

692 4491 700 4524 ¹
719 4496 768 4545 For
778 4497 888 4547 cuntula.
