3038 5106
446 348 590 399 MENSJS
605 350 750 411 QUARTI
765 351 882 400 FERIA
900 350 969 401 IIII.

606 536 725 600 Fama
750 537 814 601 111.

158 662 258 728 Adsit
285 664 382 727 nobis
408 664 543 728 domine
567 685 747 747 quesumus
770 667 874 729 uirtus
897 666 1031 748 spiritus
1047 667 1161 729 sancti.
1177 685 1263 747 quae
1279 675 1313 728 et

113 750 214 813 corda
229 762 343 815 nostra
357 752 538 815 clementer
553 762 727 835 expurget.
739 763 772 816 et
785 753 828 816 ab
840 752 994 815 omnibus
1011 762 1142 816 tucatur
1154 753 1313 816 aduersis.

114 858 182 920 per.

656 954 795 1020 Secreta.

159 1065 312 1130 Purificet
328 1086 389 1130 nos
404 1086 583 1148 quesumus
600 1067 735 1130 domine
752 1068 895 1131 muneris
923 1069 1105 1151 praesentis
1130 1069 1264 1132 oblatio.
1281 1077 1314 1131 ct

10 1214 15 1227 ,
113 1152 235 1236 dignos
250 1174 344 1218 sacra
359 1156 612 1237 participatione
629 1155 784 1236 perficiat.
801 1176 867 1237 per.

637 1287 819 1367 Praefatio.

160 1400 211 1463 ff)
234 1418 293 1481 per
322 1398 481 1463 christum
512 1400 685 1463 dominum
717 1410 876 1463 nostrum.
937 1398 1002 1481 Qui
1041 1401 1175 1481 spiritus
1209 1400 1314 1461 sancti

115 1484 288 1548 infusione.
305 1486 445 1569 repleuit
457 1488 557 1550 corda
575 1486 730 1550 fidelium.
770 1485 835 1567 Qui
847 1508 906 1550 sua
917 1487 1102 1549 admirabili
1114 1487 1315 1568 operatione.

115 1584 151 1635 et
180 1574 230 1635 sui
261 1574 384 1635 amoris
415 1574 447 1635 in
478 1574 525 1635 eis
556 1574 667 1654 ignem
699 1574 901 1637 accenderet.
933 1583 967 1635 et
998 1595 1057 1655 per
1086 1574 1314 1635 diuersitatcm

116 1658 313 1741 linguarum.
329 1669 446 1741 gentes
472 1661 503 1723 in
531 1662 658 1724 unitate
681 1658 756 1723 fidci
774 1660 938 1723 solidaret.
956 1663 1048 1722 cuius
1064 1661 1154 1722 dono
1170 1661 1315 1741 petimus

115 1758 150 1809 et
166 1746 387 1809 inlecebrosas
403 1767 422 1808 a
438 1747 533 1809 nobis
556 1747 691 1809 excludi
717 1747 914 1829 uoluptates.
932 1758 964 1810 et
989 1748 1153 1829 spiritales
1169 1749 1202 1808 in
1220 1748 1315 1809 nobis

118 1835 228 1895 extrui
245 1834 455 1916 plantarique
471 1835 618 1898 uirtutes
634 1854 694 1916 per
708 1854 817 1915 quem.

573 1971 604 2034 A
609 1971 636 2033 d
646 1971 872 2053 complendum.

159 2074 293 2137 Mentes
323 2083 453 2137 nostras
480 2095 659 2157 quesumus
690 2076 826 2137 domine
855 2076 990 2155 spiritus
1028 2084 1164 2137 sanctus
1196 2075 1318 2137 diuinis

115 2172 245 2243 reparet
267 2162 491 2225 sacramentis.
508 2164 587 2243 quia
603 2163 674 2245 ipse
689 2172 740 2224 est
757 2163 906 2225 remissio
922 2163 1071 2225 omnium
1095 2172 1318 2244 peccatorum.

116 2268 184 2331 per.

454 2434 600 2498 Munus
626 2434 709 2497 llll.
756 2434 875 2495 Fama
899 2432 982 2494 llll.

160 2554 294 2618 Mentes
325 2565 453 2617 nostras
490 2574 670 2636 quesumus
708 2554 843 2615 domine
881 2553 1070 2634 paraclytus
1106 2554 1162 2634 qui
1194 2550 1254 2623 adl
1285 2562 1319 2615 te

116 2642 267 2723 procedit
294 2642 476 2704 inluminet.
505 2650 538 2704 et
565 2642 701 2703 inducat
729 2642 761 2702 in
786 2660 920 2701 omnem
946 2640 1031 2703 sicut
1061 2652 1139 2702 tuus
1167 2640 1318 2721 promisit

117 2728 205 2791 filius
220 2730 418 2801 ueriltatem.
436 2748 494 2811 per
509 2729 681 2790 dominum
699 2729 730 2789 in
750 2728 877 2789 unitate
893 2726 1051 2789 ciusdem.
1171 2726 1227 2809 [lo.
1247 2728 1319 2789 86v.

669 2856 762 2921 Alrir.

164 2959 300 3024 Praesta
322 2980 503 3042 quesumus
529 2961 742 3041 omnipotens
758 2969 791 3021 et
820 2958 1002 3021 misericors
1025 2958 1116 3020 deus.
1133 2968 1170 3020 ut
1186 2958 1319 3039 spiritus

116 3058 253 3111 sanctus
269 3048 449 3110 adueniens
467 3049 628 3130 templum
646 3068 706 3110 nos
722 3047 847 3129 gloriae
856 3065 935 3108 suae
948 3046 1124 3127 dignanter
1135 3046 1318 3107 habitando

120 3133 279 3217 perficiat.
295 3155 355 3217 per
369 3135 555 3198 dominum.

650 3260 786 3325 Secreta.

165 3364 293 3447 Accipe
330 3384 511 3447 quesumus
544 3366 680 3429 domine
719 3384 837 3427 munus
875 3363 1034 3427 oblatum.
1073 3371 1107 3426 ct
1145 3363 1322 3443 dignanter

119 3472 266 3535 operare.
293 3464 331 3517 ut
357 3454 448 3535 quod
474 3454 638 3535 mysteriis
662 3452 801 3534 agimus.
818 3452 880 3533 piis
896 3451 1069 3514 effectibus
1086 3451 1320 3513 caelebremus.

122 3558 190 3623 per.

631 3658 812 3738 Praefatio.

168 3760 219 3826 ff)
242 3782 302 3845 per
328 3762 487 3825 christum
518 3764 691 3826 dominum
725 3773 882 3825 nostrum.
944 3760 1005 3823 Per
1027 3782 1126 3843 quem
1152 3761 1321 3843 discipulis

124 3850 260 3932 spiritus
283 3863 418 3914 sanctus
445 3852 478 3912 in
503 3860 590 3913 terra
616 3853 721 3914 datur.
739 3849 783 3911 ob
810 3848 1022 3910 dilectionem
1050 3849 1193 3930 proximi
1225 3849 1323 3911 etde

122 3935 217 3999 caelo
227 3937 376 4000 mittitur.
393 3948 529 4019 propter
540 3938 753 4000 dilectionem
767 3938 823 3998 tui.
840 3936 932 3996 cuius
949 3934 1068 3996 inlusio
1081 3937 1224 4016 petimus
1238 3946 1272 3996 ut
1292 3937 1321 3996 in

122 4024 219 4086 nobis
234 4034 447 4104 peccatorum
463 4026 577 4087 sordes
592 4033 719 4087 exurat.
736 4024 783 4085 tui
800 4022 922 4084 amoris
940 4022 1048 4103 ignem
1066 4024 1198 4085 nutriat.
1214 4032 1247 4083 et
1264 4043 1324 4084 nos

123 4110 167 4173 ad
184 4129 333 4174 amorem
349 4110 564 4175 fraternitatis
580 4112 749 4174 accendat.
767 4130 825 4192 per
840 4128 948 4190 quem.

578 4238 610 4301 A
615 4238 641 4300 d
651 4236 876 4319 complendum.

170 4338 350 4407 Sumentes
366 4342 500 4405 domine
515 4341 671 4405 caelestia
693 4355 902 4404 sacramenta
917 4359 1098 4421 quesumus
1114 4340 1324 4404 clementiam

125 4436 220 4491 tuam
237 4437 274 4492 ut
288 4429 378 4511 quod
402 4428 630 4511 temporaliter
656 4428 810 4511 gerimus.
827 4428 968 4491 aeternis
992 4429 1123 4509 gaudiis
1146 4448 1328 4509 consequa·

128 4534 212 4579 mur.
227 4534 287 4599 per
300 4514 475 4579 dominum
492 4526 650 4580 nostrum.
