3038 5106
513 347 627 397 HEBD.
659 346 728 397 IIII.
759 346 896 409 QUADR.
944 345 1059 396 FERIA
1088 346 1127 397 ΙΙ.

461 569 658 633 ΒοΜιΝιςΑ
682 569 766 632 1111.
784 582 826 633 m
845 569 1159 652 Qunnnncssnm.
1259 658 1262 662 ι

265 707 419 772 Concede
434 730 614 790 quesumus
630 713 842 795 omnipotens
864 711 946 775 deus
962 721 999 775 ut
1014 711 1071 793 qui
1086 733 1131 774 ex
1148 711 1267 774 merito
1290 721 1427 774 nostrae

222 797 360 857 actionis
390 795 576 879 affligimur.
604 809 681 860 tuae
710 801 837 881 gratiae
874 799 1101 863 consolatione
1133 799 1339 881 respiremus.
1365 820 1426 882 per

221 884 395 946 dominum
420 895 578 948 nostrum.

757 1014 892 1078 Secreta.

265 1123 439 1188 Sacrificiis
456 1127 683 1207 praesentibus
699 1128 835 1190 domine
858 1147 1038 1208 quesumus
1054 1128 1190 1190 intende
1209 1127 1371 1209 placatus.
1388 1137 1427 1189 ut

220 1220 254 1274 et
270 1213 442 1275 deuotioni
460 1225 591 1276 nostrae
608 1214 782 1296 proficiant
798 1225 831 1277 et
848 1215 955 1277 saluti.
966 1235 1032 1296 per.

725 1348 908 1430 Praefatio.

266 1458 315 1520 (D
341 1467 474 1522 aeterne
498 1461 587 1523 deus.
646 1460 690 1523 Et
718 1470 750 1523 te
774 1470 955 1523 creatorem
979 1460 1128 1524 omniurn
1159 1458 1202 1522 de
1233 1459 1423 1541 praeteritis

222 1542 382 1607 fructibus
412 1546 601 1627 glorificare.
633 1557 666 1610 et
697 1549 738 1610 de
770 1548 916 1610 uenturis
948 1547 1140 1629 suppliciter
1165 1567 1312 1609 exorare.
1375 1546 1426 1610 Ut

222 1651 297 1693 cum
314 1634 356 1694 de
373 1636 535 1714 perceptis
551 1633 632 1718 snon
650 1635 838 1696 inuenimur
852 1635 971 1715 ingrati
988 1636 1031 1697 de
1047 1634 1265 1717 percipiendis
1282 1632 1338 1715 [se.
1354 1646 1426 1711 51v.

222 1738 289 1780 non
343 1720 525 1783 iudicemur
573 1722 707 1803 indigni.
776 1720 844 1785 Sed
896 1722 1047 1784 exhibita
1099 1722 1197 1783 toties
1246 1721 1424 1800 sollempni

222 1805 401 1868 deuotione
454 1808 584 1870 ieiunia.
637 1829 712 1871 cum
758 1808 912 1870 subsidiis
965 1808 1190 1890 corporalibus
1236 1806 1424 1889 profectum

221 1912 354 1973 quoque
370 1896 540 1975 capiamus
556 1896 750 1958 animarum.
767 1915 826 1976 per
840 1895 999 1958 christum
1015 1895 1188 1958 dominum
1206 1905 1365 1956 nostrum.

675 2033 706 2095 A
710 2033 737 2094 d
747 2031 972 2113 complendum.

265 2143 319 2204 Da
344 2142 438 2205 nobis
469 2145 652 2206 misericors
679 2144 769 2207 deus.
785 2153 823 2206 ut
849 2152 964 2206 sancta
987 2153 1044 2206 tua
1074 2141 1194 2223 quibus
1219 2140 1426 2202 incessanter

221 2231 404 2310 explemur.
429 2233 563 2293 sinceris
584 2241 764 2294 tractemus
788 2231 962 2312 obsequiis.
980 2239 1013 2293 et
1037 2227 1126 2292 fideli
1153 2247 1285 2309 semper
1311 2236 1424 2289 mente

222 2336 400 2380 sumamus.
417 2337 483 2399 per.

682 2421 792 2502 Super
797 2421 960 2501 populum.

265 2533 358 2596 Deus
382 2534 437 2615 qui
462 2533 494 2595 in
518 2534 638 2597 deserti
658 2535 791 2616 regione
814 2532 1060 2596 multitudinem
1085 2529 1198 2612 populi
1226 2538 1285 2591 tua
1300 2529 1423 2591 uirtute

221 2622 355 2683 satiasti.
388 2623 420 2681 in
446 2620 542 2682 huius
572 2641 704 2702 quoque
733 2620 855 2682 saeculi
886 2619 1085 2681 transeuntis
1115 2637 1265 2679 excursu.
1298 2617 1422 2678 uictum

221 2708 316 2769 nobis
332 2708 512 2790 spiritalem
530 2729 571 2770 ne
586 2708 778 2771 deficiamus
795 2708 946 2789 inpende.
964 2727 1022 2789 per
1037 2705 1210 2768 dominum
1227 2712 1387 2765 nostrum.

735 2913 855 2976 Furem
880 2912 923 2976 ΙΙ.

264 3042 399 3104 Praesta
423 3061 603 3122 quesumus
626 3043 838 3123 omnipotens
862 3040 944 3102 deus
970 3047 1007 3100 ut
1034 3036 1284 3099 obseruationes
1312 3055 1418 3097 sacras

222 3149 331 3191 annua
347 3129 525 3191 deuotione
547 3129 736 3191 recolentes.
752 3139 786 3190 et
802 3147 939 3209 corpore
962 3126 1021 3188 tibi
1045 3125 1235 3206 placeamus
1251 3133 1285 3184 et
1302 3136 1420 3185 mente.

219 3236 286 3297 per.

754 3318 782 3381 S
784 3328 894 3382 ecreto.

266 3430 425 3494 Oblatum
440 3430 498 3494 tibi
515 3431 650 3494 domine
659 3430 855 3493 sacrificium
870 3428 1014 3492 uiuificet
1025 3448 1085 3490 nos
1095 3446 1226 3507 semper
1235 3445 1273 3488 ac
1285 3425 1419 3489 muniat.

224 3538 288 3582 oer.

733 3622 914 3700 Praefateb.

266 3735 315 3796 (D
326 3744 459 3796 aeterne
471 3733 560 3796 deus.
609 3735 653 3796 Et
665 3744 758 3796 tuam
768 3735 960 3817 suppliciter
970 3728 1229 3793 misericordiam
1240 3727 1417 3809 implorare

222 3831 258 3882 ut
285 3823 482 3883 exercitatio
507 3822 698 3884 ueneranda
728 3823 839 3884 ieiunii
871 3821 1031 3883 salutaris
1064 3838 1124 3879 nos
1155 3837 1174 3878 a
1205 3826 1416 3896 peccatorum

223 3919 409 3970 nostrorum
438 3908 575 3969 maculis
603 3918 762 3990 purgatos
786 3908 904 3971 reddat
928 3919 961 3970 et
986 3906 1028 3968 ad
1055 3922 1273 3985 supernorum
1296 3904 1417 3964 ciuium

223 3996 416 4056 societatem
442 3997 611 4077 perducat.
659 3996 706 4059 Ut
730 4005 764 4057 et
790 3996 843 4057 hic
869 3997 1066 4057 deuotorum
1091 4004 1226 4053 actuum
1249 4009 1420 4051 sumamus

223 4093 447 4162 augmentum.
471 4094 504 4145 et
531 4083 596 4145 illic
626 4094 780 4145 aeternae
807 4081 1020 4144 beatitudinis
1045 4078 1265 4160 percipiamus
1295 4077 1420 4138 emolu-

224 4180 381 4231 mentum.
397 4190 456 4250 per
470 4170 628 4232 christum
646 4170 817 4231 dominum
835 4180 993 4231 nostrum.

678 4308 739 4370 Ad
749 4307 973 4388 complendum.

267 4414 417 4497 Sumptis
448 4418 582 4481 domine
619 4418 817 4481 salutaribus
847 4415 1070 4481 sacramentis.
1101 4413 1143 4477 ad
1183 4409 1419 4492 redemptionis

222 4514 375 4567 aeternae
391 4526 569 4587 quesumus
585 4506 794 4588 proficiamus
811 4512 1035 4587 augmentum.
1052 4521 1118 4586 per.
