3038 5106
211 356 262 411 27⁴
288 356 291 361 ·
601 342 842 397 aussoreno
867 342 1025 399 urourn.

762 492 855 561 Alia.

257 624 308 690 Te
323 625 518 689 inuocamus
533 623 670 688 domine
684 632 808 688 sancte.
823 632 919 707 pater
939 624 1153 707 omnipotens
1175 634 1310 690 aeterne
1325 626 1417 691 deus

214 731 313 795 super
328 711 414 776 hanc
430 709 589 776 famulam
605 719 698 775 tuam
714 730 801 792 quae
816 709 877 775 tibi
893 712 988 776 uouit
1003 711 1133 776 seruire
1143 712 1234 797 puris
1246 713 1416 779 mentibus

215 799 408 881 mundoque
438 799 537 863 corde
566 806 605 861 ut
633 816 709 861 earn
738 796 865 861 sociare
894 797 1040 881 digneris
1068 798 1155 863 inter
1190 798 1248 863 iiia
1279 809 1417 864 centum

215 887 439 969 quadraginta
457 894 616 968 quattuor
631 883 723 949 milia
738 883 912 949 infantum.
927 885 984 967 qui
999 885 1145 968 uirgines
1162 898 1418 969 permanserunt

215 981 250 1037 et
264 992 301 1036 se
315 992 392 1037 cum
409 972 602 1036 mulieribus
618 989 685 1035 non
701 971 1009 1055 coinquinauerunt.
1025 973 1059 1035 in
1074 992 1215 1055 quorum
1238 993 1297 1037 ore
1318 974 1418 1039 dolus

215 1060 372 1124 inuentus
387 1078 454 1123 non
469 1068 529 1123 est
576 1058 629 1122 Ita
643 1067 679 1122 et
693 1057 780 1121 hanc
795 1057 954 1123 famulam
977 1069 1071 1123 tuam
1096 1058 1197 1124 facias
1220 1080 1418 1144 permanere

216 1146 452 1211 inmaculatam
480 1164 585 1228 usque
608 1145 642 1208 in
665 1142 765 1209 finem
789 1164 848 1228 per
870 1146 1118 1210 inmaculatum.
1140 1146 1316 1211 dominum
1341 1169 1420 1213 nos·

216 1243 313 1298 trum.
329 1253 404 1297 cum
421 1253 488 1316 quo
504 1232 597 1296 uiuis.

565 1434 681 1498 M1ssn
699 1432 873 1497 E1usnsu
892 1432 1064 1497 Umuan.l

261 1592 316 1655 Da
331 1610 511 1674 quesumus
526 1589 663 1652 domine
678 1587 822 1652 famulae
844 1598 922 1653 tuae
943 1608 1044 1672 quam
1068 1588 1269 1672 uirginitatis
1291 1587 1422 1653 honore

216 1679 374 1762 dignatus
396 1698 432 1741 es
455 1677 611 1741 decorare
634 1674 780 1740 inchoati
810 1676 921 1758 operis
950 1685 1220 1740 consummatum
1250 1675 1420 1739 effectum.

214 1774 249 1831 et
271 1763 324 1849 lut
347 1764 527 1848 perfectam
550 1763 611 1827 tibi
635 1760 753 1826 offerat
774 1762 1025 1844 plenitudinem.
1049 1762 1143 1827 initia
1164 1783 1225 1826 sua
1256 1758 1313 1848 [so.
1349 1764 1420 1842 198.

213 1853 394 1937 perducere
410 1860 574 1914 mereatur
588 1850 630 1913 ad
647 1848 756 1913 finem.
771 1868 838 1932 per.

747 1998 884 2062 Secreta.

260 2130 393 2197 Oblatis
424 2128 541 2193 hostiis
571 2125 708 2191 domine
738 2146 919 2208 quesumus
952 2126 1118 2209 praesenti
1157 2125 1302 2190 famulae
1339 2135 1421 2190 tuae

214 2218 496 2302 perseuerantiam
528 2224 709 2298 perpetuae
739 2213 939 2296 uirginitatis
968 2214 1187 2278 accommoda
1220 2223 1258 2277 ut
1294 2215 1422 2297 apertis

214 2306 322 2370 ianuis
351 2304 473 2369 summi
496 2302 583 2385 regis
605 2309 808 2366 conuentum
830 2320 907 2364 cum
930 2300 1057 2364 laetitia
1086 2309 1252 2365 mereatur
1273 2299 1421 2365 introire.

212 2412 273 2477 per
287 2392 469 2457 dominum.

677 2520 739 2585 Ad
747 2519 972 2603 complendum.

261 2653 404 2735 Respice
434 2651 570 2715 domine
601 2650 744 2713 famulae
775 2659 851 2713 tuae
874 2649 1020 2712 debitam
1044 2648 1247 2712 seruitutem.
1272 2658 1310 2711 ut
1333 2650 1422 2713 inter

216 2741 383 2804 humanae
414 2738 602 2820 fragilitatis
626 2738 760 2800 incerta.
782 2736 881 2800 nullis
911 2735 1169 2799 aduersitatibus
1200 2736 1419 2817 opprimatur.

216 2848 303 2910 quae
319 2828 361 2890 de
377 2837 435 2890 tua
451 2825 658 2908 protectione
673 2822 819 2888 confidit.
836 2843 895 2905 per
909 2823 1083 2887 dominum
1101 2833 1260 2886 nostrum.

231 3050 467 3114 Bsunmcrro
491 3050 645 3114 Umuns
670 3047 781 3132 Quae
805 3050 951 3113 Fusius
975 3048 1186 3126 Cnsmruut
1209 3049 1409 3115 Pnorssssn

259 3203 440 3269 Consolare
471 3203 606 3268 domine
629 3203 714 3267 hanc
745 3201 904 3266 famulam
928 3214 1021 3267 tuam
1053 3205 1225 3269 uiduitatis
1248 3205 1420 3269 laboribus

215 3292 438 3355 constrictam.
454 3292 540 3353 sicut
555 3290 718 3353 consolari
733 3290 891 3372 dignatus
910 3311 946 3353 es
961 3292 1180 3373 sarephenam
1198 3293 1336 3356 uiduam
1359 3313 1419 3375 per

214 3378 336 3441 heliam
361 3377 567 3461 prophetam.
615 3377 770 3441 Concede
801 3378 830 3440 ei
854 3378 1013 3459 pudicitie
1036 3378 1178 3441 fructum
1203 3390 1240 3442 ut
1262 3381 1420 3461 antiqua·

215 3485 288 3528 rum
305 3485 371 3527 non
389 3465 577 3527 meminerit
593 3464 805 3546 uoluptatum
819 3465 946 3528 nesciat
958 3467 1058 3527 etiam
1072 3467 1241 3530 incentiua
1253 3466 1419 3531 desideria

215 3561 253 3616 ut
267 3552 329 3615 soli
346 3552 407 3615 tibi
421 3552 543 3615 subdat
560 3552 693 3632 propria
708 3551 801 3614 colla
819 3573 887 3634 quo
910 3553 1016 3635 possit
1038 3573 1099 3634 pro
1122 3553 1291 3616 laboribus
1316 3554 1419 3617 tantis

118 3704 121 3710 ,
214 3640 462 3721 sexagesimum
494 3639 635 3720 gradum
659 3639 828 3721 percipere
852 3659 972 3702 munus
995 3639 1193 3703 delectabile
1218 3640 1419 3723 sanctitatis.

212 3746 271 3810 per
286 3728 468 3790 dominum.

776 3862 867 3927 Alica

260 3993 315 4056 Da
330 4011 511 4074 quesumus
527 3991 739 4073 omnipotens
755 3990 845 4054 deus.
862 3999 900 4054 ut
915 3990 997 4054 haec
1021 3991 1145 4055 famula
1167 4002 1225 4055 tua
1248 4012 1335 4073 quae
1359 4013 1421 4076 pro

215 4101 275 4163 spe
290 4079 515 4143 retributionis
531 4078 749 4159 promissione
764 4078 909 4141 muneris
931 4098 966 4141 se
989 4078 1127 4142 domino
1150 4079 1317 4142 desiderat
1341 4101 1421 4143 con-

214 4187 351 4232 secrare.
374 4166 473 4248 plena
497 4163 561 4227 fide
585 4164 763 4246 animoque
786 4173 987 4247 permaneat
1033 4165 1157 4229 Tribue
1182 4167 1210 4229 ei
1236 4187 1298 4248 pro
1324 4186 1421 4248 oper-

215 4255 290 4318 ibus
304 4253 453 4337 gloriam.
470 4271 530 4333 pro
546 4251 673 4332 pudore
688 4253 916 4316 reuerentiam.
939 4272 1000 4335 pro
1020 4253 1180 4335 pudicitia
1195 4254 1421 4318 sanctitatem.

214 4351 252 4408 ut
267 4343 310 4406 ad
327 4339 482 4403 meritum
499 4338 604 4421 possit
619 4337 744 4420 gloriae
759 4340 938 4421 peruenire.
954 4359 1020 4422 per.

506 4515 517 4552 ¹
534 4520 570 4573 so
582 4519 651 4583 MS„
665 4518 774 4586 perhaps
784 4518 818 4587 by
827 4536 861 4571 an
871 4536 941 4572 error
949 4519 988 4573 for
998 4521 1120 4587 ur'rgr'm's.
