3038 5106
372 346 484 397 MISSA
506 346 555 396 IN
572 344 792 395 MEMORIAM
807 344 1048 396 SALUATORIS.
1264 357 1311 406 241

365 558 515 647 l[M1ssn
538 574 587 624 nn
611 560 765 626 Sancta
787 558 1038 642 Tn1n1rars.¹]
1173 559 1229 642 [so.
1245 574 1312 638 174

161 688 388 772 Omnipotens
403 690 603 772 sempiterne
618 690 700 753 deus
715 689 771 771 qui
795 688 916 753 dedisti
940 686 1035 750 nobis
1051 687 1183 751 famulis
1199 688 1264 752 tuis
1280 689 1312 751 in

116 775 327 839 consessione
342 796 419 840 uere
435 775 511 840 fidei
527 786 681 839 aeternae
702 776 858 839 trinitatis
876 775 1016 857 gloriam
1036 794 1221 857 agnoscere.
1269 775 1314 840 Et

115 863 149 925 in
167 864 319 945 potentia
336 864 518 926 maiestatis
546 864 684 927 adorare
705 862 876 925 unitatem.
897 881 1078 943 quesumus
1105 873 1141 924 ut
1165 862 1313 925 eiusdem

115 947 193 1012 fidei
232 949 391 1013 firmitate
428 949 471 1012 ab
501 948 653 1012 omnibus
688 968 820 1031 semper
852 950 1040 1011 muniamur
1069 950 1225 1011 aduersis.
1256 970 1315 1030 per

113 1036 297 1099 dominum.

626 1171 797 1255 [Secreta¹]

158 1284 537 1369 [Sanctificaquesumus
546 1286 682 1349 domine
692 1287 773 1349 deus
786 1295 903 1348 noster.
914 1305 972 1367 per
985 1285 1031 1347 tui
1044 1284 1314 1366 sancti[lo.174v.

116 1373 260 1436 nominis
276 1374 520 1437 inuocationem
537 1374 633 1436 huius
645 1371 863 1436 oblationem²
872 1371 1015 1434 hostiam
1026 1383 1059 1434 et
1076 1392 1135 1453 per
1148 1392 1222 1435 eam
1240 1393 1314 1435 nos-

116 1460 277 1542 metipsos
292 1460 352 1523 tibi
369 1459 489 1542 perfice
506 1480 625 1523 munus
641 1472 820 1523 aeternum.
837 1479 902 1540 per.

626 1597 802 1675 Praefatio.

159 1709 209 1773 ti)
226 1717 359 1771 aeterne
374 1708 462 1771 deus.
509 1706 662 1789 Quicum
677 1708 847 1790 unigenito
863 1707 931 1770 filio
946 1717 1004 1770 tuo
1020 1717 1053 1770 et
1069 1708 1184 1788 spiritu
1200 1717 1317 1770 sancto

114 1814 199 1857 unus
229 1815 264 1857 es
294 1796 383 1858 deus.
411 1816 496 1858 unus
520 1817 555 1858 es
586 1794 748 1858 dominus
796 1795 872 1857 Non
904 1795 935 1856 in
964 1795 1059 1856 unius
1090 1794 1317 1875 singularitate

115 1901 283 1963 personae.
301 1885 358 1945 sed
376 1884 407 1945 in
426 1884 521 1945 unius
537 1883 684 1944 trinitate
703 1883 914 1945 substantiae.
961 1880 1060 1963 Quod
1085 1881 1172 1943 enim
1195 1882 1236 1943 de
1260 1892 1316 1944 tua

114 1968 220 2051 gloria
250 1969 417 2032 reuelante
442 1980 474 2032 te
499 1970 674 2032 credimus,
697 1969 760 2031 hoc
783 1969 825 2031 de
853 1967 919 2030 filio
950 1979 1015 2031 tuo,
1039 1967 1101 2029 hoc
1129 1967 1170 2029 de
1201 1969 1316 2049 spiritu

112 2065 231 2119 sancto
244 2056 314 2118 sinc
324 2055 511 2119 differentia
522 2053 738 2128 discretionei
752 2056 922 2118 sentimus
956 2055 1005 2119 Ut
1021 2056 1053 2117 in
1067 2053 1316 2136 [con³]fessione

113 2161 191 2205 uere
212 2143 479 2225 sempiterneque
503 2140 698 2215 deitatatisi
727 2152 760 2204 ct
784 2144 816 2204 in
840 2143 989 2225 personis
1011 2143 1202 2223 proprietas,
1226 2143 1315 2205 etin

112 2230 258 2292 essentia
288 2231 404 2293 unitas
436 2241 469 2293 et
500 2231 531 2292 in
561 2231 733 2293 maiestate
764 2230 918 2292 adoretur
955 2229 1144 2310 aequalitas
1205 2226 1315 2309 Quam

114 2314 259 2379 laudant.

568 2436 631 2499 Ad
640 2437 867 2519 conplendum.

160 2546 314 2610 Proficiat
338 2550 433 2611 nobis
458 2549 501 2611 ad
528 2549 668 2612 salutem
694 2550 839 2631 corporis
863 2560 897 2611 et
921 2549 1052 2610 animae
1075 2547 1209 2610 domine
1225 2547 1314 2609 deus.

113 2632 211 2697 huius
227 2638 424 2698 sacramenti
441 2637 615 2718 susceptio,
630 2647 664 2698 et
687 2637 888 2717 sempiterna
911 2646 1045 2697 sanctae
1061 2635 1215 2697 trinitatis
1231 2634 1314 2695 eius·

112 2720 258 2803 demque
274 2722 464 2785 indiuiduae
480 2724 615 2785 unitatis
631 2722 801 2785 confessio,
818 2743 877 2804 per
891 2723 1063 2784 dominum
1082 2732 1237 2783 nostrum.

666 2876 756 2938 Aleta.

158 2985 304 3049 Domine
326 2987 408 3050 deus
435 2998 529 3069 pater
554 2989 766 3070 omnipotens
794 3008 854 3049 nos
880 2987 1020 3050 famulos
1047 2997 1124 3049 tuae
1149 2987 1313 3047 maiestati

110 3071 286 3137 subiectos
317 3094 375 3156 per
405 3076 537 3137 unicum
567 3073 668 3137 filium
700 3085 792 3137 tuum
824 3075 856 3137 in
888 3075 1008 3137 uirtute
1038 3074 1143 3135 sancti
1181 3074 1314 3154 spiritus

112 3156 251 3222 benedic
267 3171 301 3223 et
316 3171 461 3243 protege.
479 3171 516 3223 ut
541 3161 583 3224 ab
602 3163 692 3224 omni
718 3163 813 3224 hoste
836 3163 939 3223 securi
963 3162 995 3222 in
1013 3171 1070 3223 tua
1086 3161 1204 3242 iugiter
1217 3159 1313 3221 laude

114 3244 282 3309 laetemur.
295 3268 353 3330 per
368 3249 533 3310 eundem*

180 3465 376 3548 [M1ssa1u
402 3469 618 3532 Metronmu
644 3469 881 3533 §mumolus
906 3469 1054 3533 Donum
1079 3468 1245 3550 Noster]

154 3591 279 3678 [Corda
302 3609 415 3661 nostra
430 3619 608 3679 quesumus
633 3610 766 3661 sanctus
783 3599 938 3680 splendor
954 3609 1030 3661 tuae
1046 3599 1149 3660 incar·
1166 3597 1220 3679 [so.
1243 3611 1308 3676 175.

109 3683 261 3747 nationis.
275 3686 457 3748 natiuitatis
475 3687 644 3767 passionis.
658 3686 909 3748 resurrectionis.
921 3687 1121 3748 ascensionis
1137 3695 1170 3747 et
1186 3686 1308 3748 aduen-

110 3778 165 3832 tus
177 3771 309 3852 spiritus
325 3773 429 3834 sancti
447 3793 507 3834 nos
523 3773 677 3835 clementi
695 3783 843 3854 respectu
854 3772 1000 3835 illustret.
1011 3792 1077 3853 quo
1088 3773 1202 3835 mundi
1213 3772 1308 3834 huius

107 3857 253 3920 tenebris
268 3879 378 3922 carere
388 3860 566 3922 ualeamus.
578 3869 612 3923 et
624 3859 696 3941 ipso
706 3860 847 3922 ducente
863 3860 1092 3941 perueniamus
1108 3861 1150 3920 ad
1167 3860 1307 3940 patriam

106 3941 267 4007 claritatis
282 3954 443 4009 aeternae.
460 3967 518 4028 per
533 3947 705 4010 dominum
723 3957 879 4008 nostrum.

143 4111 152 4145 ¹
169 4118 251 4169 These
261 4119 382 4185 headings
393 4136 436 4170 are
447 4120 553 4170 omitted
566 4120 591 4169 in
603 4121 646 4170 the
659 4120 714 4169 MS.

141 4178 153 4211 ²
169 4183 304 4235 Corrected
316 4194 342 4234 to
352 4186 482 4234 oblatiom's
494 4186 601 4251 perhaps
613 4186 646 4250 by
657 4186 761 4235 another
772 4186 847 4234 hand.

141 4246 153 4279 ³
168 4248 278 4312 Syllable
289 4250 394 4300 omitted
407 4250 433 4299 in
445 4250 502 4301 MS.

142 4313 152 4345 ⁴
168 4314 224 4363 The
236 4315 312 4365 lower
364 4325 386 4365 rt
397 4316 427 4366 ol
443 4315 475 4365 so.
494 4327 562 4377 172r.
578 4316 599 4367 is
610 4316 697 4375 blank,
711 4316 787 4381 being
798 4315 920 4380 probably
932 4314 975 4365 leit
988 4315 1025 4364 for
1043 4314 1085 4364 the
1102 4314 1211 4378 heading
1222 4312 1251 4363 ol
1264 4313 1307 4363 the

108 4386 169 4429 next
180 4394 254 4437 mass,
268 4380 332 4429 whic
361 4381 407 4430 has
417 4390 462 4431 not
479 4382 542 4432 been
559 4381 675 4431 inserted.
712 4381 768 4431 The
788 4382 862 4431 headi
913 4381 1028 4445 supplied
1044 4380 1066 4429 is
1077 4379 1131 4429 that
1142 4379 1216 4443 given
1228 4389 1254 4428 to
1266 4379 1308 4427 the

105 4444 439 4571 spimlglmassintlpeffled
452 4446 524 4496 Book
536 4446 565 4496 os
573 4445 682 4511 Derby”
694 4447 762 4505 (MS.
775 4446 867 4498 C.C.C.
919 4447 1039 4507 mb.422.
1081 4445 1194 4497 Warren.
1210 4443 1309 4495 Leosrm

109 4542 120 4559 .
199 4524 245 4573 ‚p
260 4520 315 4573 ²73·

151 4578 337 4655 Juuttcts
1154 4590 1177 4639 n
