3038 5106
449 291 525 342 XVI.
556 292 640 343 KAL.
671 292 753 344 FEB.
782 293 867 344 DEP.
897 293 1068 346 amoma

615 469 647 533 A
650 470 678 533 d
686 470 910 553 complendum.

207 583 309 647 Adsit
350 583 494 664 petimus
543 581 800 646 clementissime
847 584 929 647 deus
976 584 1052 648 huic
1094 585 1239 650 familiae
1282 596 1363 651 tuae

164 670 383 733 miserationis
402 669 602 752 propitiatio
628 681 662 733 et
688 671 777 733 beati
802 670 999 735 confessoris
1023 672 1071 735 tui
1097 682 1198 755 atque
1225 672 1364 738 abbatis

163 757 267 819 mauri
294 756 526 819 intercessione
557 756 637 819 haec
667 766 783 820 sancta
812 777 898 839 quae
928 759 1054 841 indigni
1084 760 1290 842 sumpsimus
1319 763 1362 824 ad

160 845 301 907 salutern
319 863 389 906 esse
405 844 558 906 concede.
575 864 634 925 per
648 844 833 907 dominum.

634 981 696 1043 Ad
707 991 879 1063 respersam.

206 1095 360 1156 Inmense
384 1094 517 1174 pietatis
539 1102 616 1155 tuae
639 1092 833 1167 clemential
854 1114 1034 1176 quesumus
1057 1095 1170 1157 diuina
1190 1097 1361 1162 maiestas,

161 1194 197 1246 ut
213 1182 269 1264 qui
285 1199 396 1242 annua
412 1181 499 1242 beati
518 1180 621 1242 mauri
645 1178 841 1243 confessoris
864 1181 911 1244 tui
936 1192 1036 1263 atque
1052 1182 1182 1245 abbatis
1198 1183 1362 1268 sollemp-

160 1272 214 1333 nia
244 1266 477 1330 caelebramus.
515 1267 585 1328 eius
622 1266 849 1348 optinentibus
887 1268 1011 1330 meritis
1049 1269 1284 1350 perueniamus
1316 1275 1359 1336 ad

158 1357 281 1440 gaudia
297 1355 501 1435 repromissa.
518 1374 576 1435 per
591 1354 764 1416 dominum
781 1364 939 1417 nostrum.

190 1556 276 1606 xvu.
302 1543 393 1605 Kne.
419 1540 526 1602 Fron.
551 1538 707 1601 Names
731 1537 871 1601 Snucm
895 1537 1093 1601 Malacam
1118 1539 1329 1605 Maesulus.

201 1664 338 1725 Praeces
365 1658 478 1742 populi
506 1657 554 1720 tui
583 1678 763 1739 quesumus
793 1658 928 1721 domine
952 1657 1132 1721 clementer
1155 1661 1289 1723 exaudi.
1319 1672 1358 1726 ut

156 1751 245 1814 beati
270 1748 414 1811 marcelli
439 1745 592 1827 martyris
615 1745 662 1808 tui
686 1754 786 1827 atque
809 1745 974 1827 pontificis
999 1747 1123 1809 meritis
1146 1747 1357 1812 adiuuemur.

154 1838 246 1914 cuius
263 1836 415 1919 passione
431 1833 601 1895 laetamur.
619 1852 677 1914 per
691 1832 875 1894 dominum.

685 1971 821 2033 Secreta.

199 2085 337 2166 Suscipe
360 2103 540 2164 quesumus
566 2082 702 2145 domine
725 2101 862 2144 munera
884 2082 1061 2163 dignanter
1083 2082 1197 2146 oblata
1212 2093 1246 2146 et
1262 2084 1355 2148 beati

154 2171 299 2235 marcelli
317 2170 471 2252 martyris
494 2170 541 2232 tui
565 2180 665 2252 atque
687 2168 853 2250 pontificis
875 2169 1133 2251 suffragantibus
1157 2171 1292 2234 meritis.
1309 2174 1355 2237 ad

154 2269 286 2322 nostrae
303 2258 418 2321 salutis
435 2257 597 2319 auxilium
614 2257 788 2339 prouenire
803 2256 956 2319 concede.
972 2276 1031 2339 per
1046 2256 1228 2320 dominum.

671 2393 853 2473 Praefatae.

197 2512 245 2573 (f)
284 2518 417 2571 aeterne
447 2508 537 2570 deus.
592 2506 659 2588 Qui
690 2505 883 2588 glorificaris
914 2508 946 2570 in
978 2517 1109 2570 tuorum
1141 2506 1355 2573 confessione

153 2607 351 2659 sanctorum.
383 2606 416 2656 et
441 2615 505 2655 non
530 2592 636 2656 solum
661 2593 950 2657 excellentioribus
973 2594 1150 2677 (praemiis.
1197 2594 1252 2677 [so.
1283 2614 1354 2676 109.

154 2695 336 2765 martyrum
361 2693 493 2745 tuorum
519 2683 634 2743 merita
657 2680 801 2761 gloriosa
824 2682 1037 2762 prosequeris
1062 2681 1237 2745 sedetiam
1255 2703 1355 2747 sacro

153 2771 334 2833 ministerio
357 2767 622 2849 competentibus
645 2767 787 2829 seruitiis
809 2779 1021 2849 exequentes.
1045 2768 1204 2848 gaudium
1221 2770 1353 2833 domini

149 2861 198 2920 sui
216 2858 333 2920 tribuis
349 2858 476 2918 intrare.
494 2876 551 2936 per
566 2854 734 2916 christum.

603 2991 666 3054 Ad
676 2992 900 3071 conptlendum.

196 3106 332 3170 Satiasti
377 3105 510 3165 domine
555 3103 714 3166 familiam
758 3115 849 3166 tuam
897 3103 1087 3167 muneribus
1132 3105 1240 3167 sacris,
1280 3107 1353 3170 eius

151 3212 332 3275 quesumus
362 3210 492 3271 semper
522 3191 764 3252 interuentionc
796 3211 856 3253 nos
887 3190 998 3252 reioue
1028 3191 1120 3254 cuius
1151 3190 1353 3275 sollempnia

150 3279 382 3343 caelebramus
400 3298 457 3359 per
472 3278 654 3340 dominum.
707 3310 710 3315 ·

370 3482 441 3529 xvr.
468 3468 558 3530 Kne.
584 3470 690 3531 Falsa.
718 3469 922 3532 Darosrrro
947 3469 1126 3533 Auronrr.

196 3589 288 3651 Deus
311 3589 470 3651 bonitatis
493 3600 614 3651 auctor.
639 3600 672 3652 et
696 3590 858 3651 bonorum
882 3590 1031 3652 omnium
1054 3591 1271 3672 dispensator.
1292 3593 1349 3673 qui

152 3676 348 3758 temporalia
372 3676 460 3737 bona
481 3696 538 3757 per
562 3676 818 3738 misericordiam
836 3686 927 3738 tuam
943 3677 1044 3738 etiam
1061 3697 1126 3739 non
1145 3677 1350 3741 merentibus

152 3764 265 3826 donas.
297 3772 330 3825 et
361 3773 494 3824 aeterna
529 3784 587 3844 per
624 3763 781 3825 iustitiam
820 3773 913 3824 tuam
952 3783 1018 3825 non
1051 3764 1112 3826 nisi
1144 3766 1349 3828 merentibus

152 3869 380 3931 reconpensas.
394 3851 457 3911 ista
473 3851 637 3932 deputans
653 3848 813 3911 beneficio
829 3848 884 3912 illa
895 3851 1023 3912 iudicio.
1035 3869 1077 3912 ne
1087 3861 1144 3913 aut
1158 3851 1347 3932 largitatem

151 3957 245 3998 suam
262 3937 376 3998 diuina
392 3936 577 4017 benignitas
599 3937 784 3999 minoraret.
800 3937 827 3998 si
844 3957 863 3998 a
879 3936 1087 4018 presentibus
1102 3937 1199 4000 donis
1214 3959 1349 4020 seques-

152 4033 317 4085 trarentur
362 4024 490 4104 ingrati.
528 4033 585 4086 aut
634 4022 890 4086 sollicitudinem
937 4024 1090 4105 placendi
1139 4025 1349 4089 incuriositas

153 4111 298 4172 humana
316 4109 512 4191 neglegeret.
529 4111 554 4171 si
572 4110 613 4172 ad
638 4110 747 4173 sutura
770 4112 917 4193 praemia
939 4111 1195 4174 admitterentur
1210 4112 1348 4194 indigni.

155 4198 255 4261 Unde
281 4217 341 4259 nos
364 4197 498 4259 domine
522 4198 564 4259 ad
596 4197 693 4259 huius
722 4199 905 4280 sapientiae
928 4207 1005 4260 tuae
1028 4198 1153 4260 sontem
1178 4200 1347 4262 currimus.

152 4285 194 4346 de
215 4304 282 4365 quo
307 4283 528 4346 consessorem
554 4294 655 4346 tuum.
692 4286 865 4347 antonium
891 4285 982 4347 uelut
1005 4285 1174 4366 quoddam
1201 4286 1349 4349 sanctifi—

153 4372 292 4434 cationis
310 4380 387 4432 tuae
415 4370 629 4434 hauritorium
658 4372 745 4434 bona
772 4381 828 4435 tua
852 4372 972 4453 quibus
997 4372 1179 4454 adimplere
1194 4374 1349 4455 cupimus

150 4457 347 4519 hauriamus.
364 4476 423 4539 per
436 4458 608 4522 dominum
625 4473 783 4522 nostrum.
