3038 5106
500 362 741 415 BENEDICTIO
764 363 907 414 FONTIS.
1277 372 1310 423 97

102 512 174 575 tuis
183 521 337 577 aeternus
346 512 457 577 ueniet
469 512 629 578 interitus.
664 514 807 577 Proinde
818 514 1010 596 dampnate.
1020 516 1063 578 da
1073 513 1232 578 honorem
1243 515 1307 576 deo

104 600 187 661 uiuo
201 611 235 664 et
251 619 338 663 uero.
354 602 399 665 da
414 600 574 663 honorem
591 603 661 664 iesu
677 602 801 664 christo
818 602 886 664 filio
902 603 971 664 eius
987 613 1021 664 ct
1037 602 1164 683 spiritui
1182 611 1306 663 sancto.

108 687 148 749 ln
165 688 257 749 cuius
272 689 409 751 nomine
423 698 524 770 atque
540 689 663 752 uirtute
686 690 853 769 praecipio
869 689 929 750 tibi
945 690 1145 770 quicumque
1161 708 1196 750 es
1212 687 1306 769 spiri-

103 786 162 837 tus
178 775 357 837 immunde.
374 788 411 837 ut
426 795 529 839 exeas
544 786 577 837 et
594 777 728 838 recedas
744 775 786 837 ab
803 775 865 838 hoc
878 776 1003 838 famulo
1015 777 1076 838 dei.
1093 795 1191 856 quem
1205 774 1306 836 hodie

104 860 264 923 dominus
286 872 400 925 noster
429 862 516 924 iesus
546 862 687 924 christus
714 862 756 924 ad
789 883 884 925 suam
915 871 1065 925 sanctam
1097 864 1239 943 gratiam
1270 875 1306 922 et

105 947 373 1011 benedictionem
408 948 603 1030 fontemque
633 950 843 1032 baptismatis
880 950 970 1011 dono
1001 970 1119 1011 uocare
1150 950 1306 1027 dignatus

104 1044 219 1097 estut
246 1034 303 1097 frat
330 1036 401 1098 eius
423 1035 586 1117 templum
617 1057 676 1118 per
705 1055 826 1117 aquam
855 1037 1112 1117 regenerationis
1136 1036 1167 1097 in
1193 1036 1305 1098 remis-

104 1122 234 1183 sionem
251 1131 462 1202 peccatorum
480 1124 512 1184 in
528 1124 663 1185 nomine
685 1123 811 1185 domini
829 1124 931 1185 nostri
949 1124 1016 1186 iesu
1033 1124 1153 1185 christi.

150 1207 232 1271 Inde
247 1229 322 1271 itero
340 1218 456 1289 tangat
470 1210 503 1271 ei
514 1230 610 1272 orares
624 1219 656 1271 et
670 1230 766 1272 altres
780 1210 819 1271 de
839 1220 931 1290 sputo
951 1211 1067 1271 deteris.

154 1294 264 1359 Effeta
289 1298 379 1376 quod
396 1308 447 1359 est
473 1299 645 1379 adaperire
670 1298 702 1359 in
727 1296 864 1359 odorem
896 1298 1077 1359 suauitatis.
1123 1295 1176 1359 Tu
1192 1305 1304 1358 autem

105 1381 254 1463 effugare
269 1382 410 1445 diabole.
457 1381 752 1466 Adpropinquabit
768 1385 857 1446 enim
875 1384 1031 1446 iudicium
1049 1384 1112 1446 dei.

153 1468 281 1531 'Postea
298 1479 415 1550 tangat
428 1471 462 1532 ci
469 1480 577 1552 pectus
590 1472 630 1533 de
646 1472 711 1533 olco
721 1468 920 1543 exoratautol
931 1492 1052 1534 crucem
1055 1468 1211 1551 suct'orrdo
1221 1469 1306 1552 [cum

99 1556 216 1637 pollice
229 1565 261 1618 et
275 1565 383 1619 uocato
398 1558 527 1620 aroniim
535 1558 677 1621 eiusdem
686 1554 746 1642 fil]
763 1558 901 1622 dicatur.

155 1642 382 1706 Abrenuntias
398 1655 541 1707 satanae.

156 1730 197 1807 lq.
242 1728 463 1794 Abrenuntio.

155 1816 201 1879 Et
205 1816 299 1897 sacis
312 1837 434 1879 crucem
447 1818 468 1900 [.
512 1867 520 1881 .
565 1815 588 1903 .]
606 1819 640 1881 in
649 1829 760 1900 pectus
780 1820 850 1881 coiis
863 1828 894 1882 et
907 1819 1004 1884 dt'cas.

158 1904 200 1967 Et
211 1902 367 1967 omnibus
379 1906 534 1987 operibus
549 1907 627 1969 eius

158 1991 376 2054 Abrenuntio.

158 2076 202 2140 Et
214 2078 334 2140 itemm
340 2078 433 2159 facis
446 2100 570 2142 cmccm
586 2080 622 2142 in
636 2078 792 2162 scapulas.

159 2164 201 2227 Et
216 2164 372 2227 omnibus
389 2167 522 2249 pompis
538 2168 616 2231 eius

157 2250 375 2315 Abrenuntio.

428 2383 613 2448 Benedictio
619 2383 732 2465 soutz'r
746 2404 818 2446 cum
833 2382 985 2446 laetania.

157 2493 382 2577 Omnipotens
404 2498 606 2578 sempiterne
628 2495 718 2559 deus.
765 2495 897 2558 Adesto
921 2514 1062 2576 magnae
1086 2494 1219 2576 pietatis
1235 2505 1312 2558 tuae

117 2584 286 2661 mysteriis.
312 2582 431 2646 adesto
460 2583 684 2646 sacramentis.
709 2592 742 2645 et
774 2583 816 2644 ad
841 2583 1001 2644 creandos
1033 2603 1138 2644 nouos
1169 2582 1311 2665 populos

114 2688 196 2747 quos
211 2669 272 2733 tibi
297 2668 370 2732 fons
392 2669 604 2752 baptismatis
627 2670 767 2752 parturit
794 2670 945 2751 spiritum
975 2669 1164 2749 adoptionis
1187 2671 1311 2733 emitte.

116 2765 152 2818 ut
169 2756 260 2837 quod
288 2767 422 2819 nostrae
446 2756 643 2820 humilitatis
669 2758 853 2839 gerendum
878 2767 928 2819 est
952 2754 1151 2839 [ministerio
1189 2756 1244 2838 [fo.
1260 2759 1311 2837 67.

116 2850 191 2905 tuae
202 2844 336 2906 uirtutis
351 2844 529 2925 impleatur
542 2843 672 2907 effectu.
683 2864 748 2925 per.

159 2928 220 2991 Per
234 2930 349 2993 omnia
365 2930 496 2993 saccula
510 2930 727 2994 saeculorum.

158 3014 279 3079 Amen.

160 3100 327 3166 Dominus
342 3102 524 3170 uobiscum.

160 3188 204 3253 Et
219 3210 297 3253 cum
312 3191 430 3272 spiritu
446 3199 513 3255 tuo.

159 3276 299 3341 Sursum
315 3277 425 3342 corda.

160 3360 337 3427 Habemus
352 3366 394 3427 ad
411 3363 593 3428 dominum.

158 3450 292 3513 Gratias
307 3472 447 3532 agamus
462 3453 600 3516 domino
615 3452 679 3515 deo
696 3462 816 3515 nostro.

160 3536 309 3619 Dignum
326 3548 359 3600 et
376 3538 499 3601 iustum
515 3550 574 3603 est.

159 3624 210 3689 ff)
241 3637 376 3688 aeterne
405 3626 500 3691 deus.
559 3624 626 3708 Qui
658 3626 814 3688 inuisibili
845 3625 996 3706 potentia
1026 3634 1309 3688 sacramentorum

114 3718 248 3773 tuorum
277 3711 471 3775 mirabiliter
507 3714 652 3795 operaris
689 3712 855 3776 effectum.
916 3714 962 3776 Et
1000 3711 1076 3774 licet
1114 3732 1174 3773 nos
1211 3715 1313 3776 tantis

115 3798 283 3877 mysteriis
312 3800 516 3880 exequendi²
545 3801 648 3862 simus
680 3800 815 3881 indigni.
847 3810 883 3863 tu
921 3811 1033 3862 tamen
1072 3801 1198 3880 gratiae
1236 3810 1313 3862 tuae

114 3884 205 3947 dona
225 3904 292 3947 non
316 3886 479 3949 deserens.
506 3887 608 3950 etiam
635 3888 677 3949 ad
704 3898 834 3950 nostras
861 3907 996 3968 praeces
1023 3907 1118 3948 aures
1142 3896 1219 3949 tuae
1244 3888 1313 3968 pie-

114 3972 195 4035 tatis
211 3970 357 4035 inclinas.
404 3972 497 4035 Deus
512 3975 605 4037 cuius
621 3975 756 4055 spiritus
771 3993 870 4055 super
886 3993 989 4055 aquas
1006 3974 1091 4034 inter
1108 3975 1178 4053 ipsa
1196 3975 1311 4036 mundi

115 4058 296 4139 primordia
314 4057 479 4123 ferebatur
501 4070 537 4123 ut
560 4061 626 4123 iam
650 4072 729 4123 tunc
753 4062 908 4124 uirtutem
926 4058 1196 4123 sanctificationis
1212 4080 1312 4142 aqua-

115 4162 187 4207 rum
219 4158 337 4208 natura
366 4146 562 4228 conciperet.
623 4148 729 4211 Deus⁸
758 4148 907 4209 nocentis
939 4148 1055 4210 mundi
1086 4148 1224 4209 crimina
1254 4168 1313 4229 per

114 4250 218 4311 aquas
240 4232 388 4296 abluens.
404 4234 663 4315 regenerationis
685 4235 830 4317 speciem
854 4236 887 4297 in
910 4234 982 4317 ipsa
1009 4234 1126 4298 diluuii
1151 4234 1311 4298 effusione

148 4412 156 4445 ¹
172 4416 236 4467 This
244 4416 296 4467 and
308 4415 352 4468 the
361 4416 490 4484 following
500 4419 595 4471 rubrica
605 4436 648 4470 are
658 4421 740 4485 partly
750 4420 867 4484 illegible.

147 4478 159 4511 ²
176 4482 231 4533 MS.
244 4482 377 4547 on'ginally
386 4486 544 4549 exequendis,
557 4486 601 4535 but
619 4486 662 4536 the
672 4502 684 4535 s
694 4486 741 4537 has
751 4486 815 4537 been
826 4487 921 4539 erased.

145 4544 158 4579 ³
171 4548 219 4611 qni
226 4546 333 4599 omitted
344 4548 371 4599 in
383 4548 440 4601 MS.

159 4616 353 4693 Jttttttoas
