3038 5106
521 327 637 377 FERIA
663 328 734 377 IIII.
760 328 808 377 IN
827 327 945 378 ALBIS.

595 520 697 601 Infra
711 522 874 587 actionem.

176 632 471 697 Communicantes
486 642 525 697 ut
536 644 644 716 supra.

178 720 276 783 Hanc
293 722 393 803 igitur
408 732 445 785 ut
458 734 565 804 snpra.

586 847 617 909 A
623 848 650 911 d
659 849 883 931 complendrnn.

173 958 329 1023 Concede
352 982 532 1042 quesumus
557 963 769 1044 omnipotens
793 965 886 1025 deus.
912 972 948 1024 ut
978 961 1141 1044 paschalis
1170 962 1337 1045 perceptio

128 1048 337 1195 Zacramenti.
383 1050 541 1111 continua
586 1050 619 1112 in
664 1050 784 1112 nostris
831 1051 996 1112 mentibus
1040 1061 1236 1131 perseueret.
1281 1070 1340 1131 per·

155 1154 314 1197 ominum.

617 1248 680 1310 Ad
690 1260 863 1329 uesperum.

174 1358 331 1423 Concede
340 1380 520 1441 quesumus
532 1361 744 1441 omnipotens
754 1361 843 1424 deus.
856 1361 958 1443 utqui
976 1359 1140 1442 paschalis
1151 1360 1339 1423 lestiuitatis

128 1445 329 1528 sollempnia
351 1448 498 1509 colimus.
523 1448 554 1509 in
579 1457 637 1510 tua
658 1469 789 1530 semper
811 1448 1072 1510 sanctificatione
1096 1450 1256 1512 uiuamus,
1280 1468 1338 1529 per

128 1534 305 1595 dominum
322 1546 482 1596 nostrum.

640 1649 702 1711 Ad
710 1650 830 1728 sontes.

173 1748 325 1831 [Praesta
339 1771 519 1833 quesumus
536 1752 748 1835 omnipotens
763 1753 853 1814 deus.
872 1760 908 1814 ut
931 1772 989 1833 per
1004 1751 1086 1813 hacc
1102 1772 1176 1833 pas·
1192 1750 1249 1833 [so.
1265 1766 1283 1829 7
1290 1764 1338 1829 5ν.

126 1834 239 1899 chalia
255 1838 339 1901 festa
355 1858 441 1919 quae
456 1840 603 1901 colimus,
620 1840 731 1901 deuoti
758 1839 790 1900 in
816 1850 874 1901 tua
900 1859 1031 1920 semper
1056 1839 1153 1901 laude
1178 1840 1337 1901 uiuamus

126 1943 195 2005 per.

527 2036 591 2100 Ad
601 2048 748 2100 sanctum
762 2038 941 2100 Andream.

175 2148 268 2212 Deus
297 2149 355 2232 qui
389 2150 552 2233 conspicis
590 2152 750 2213 familiam
782 2160 872 2213 tuam
904 2150 995 2211 omni
1033 2148 1180 2211 humana
1218 2149 1339 2211 uirtute

122 2236 273 2299 destitui.
289 2236 435 2318 paschali
453 2239 692 2300 interueniente
708 2237 897 2301 lestiuitate.
915 2239 962 2300 tui
978 2257 1053 2299 eam
1071 2237 1192 2300 brachii
1210 2246 1337 2318 protec-

122 2324 220 2385 tione
234 2324 374 2387 custodi.
389 2345 448 2405 per
462 2324 634 2388 dominum
652 2335 809 2387 nostrum.

623 2535 744 2599 Fama
761 2536 845 2599 1111.

172 2662 267 2725 Deus
293 2664 349 2745 qui
381 2683 441 2725 nos
466 2665 712 2726 resurrectionis
739 2665 927 2727 dominicae
954 2685 1064 2727 annua
1088 2663 1334 2746 sollempnitate

121 2750 294 2813 laetificas,
311 2751 456 2813 concede
473 2751 643 2832 propitius,
660 2762 696 2813 ut
709 2772 768 2833 per
783 2751 978 2833 temporalia
994 2752 1078 2814 festa
1093 2772 1179 2835 quae
1195 2753 1333 2833 agimus.

121 2838 298 2919 peruenire
313 2838 356 2899 arl
371 2839 494 2919 gaudia
510 2850 646 2900 aeterna
663 2859 858 2901 mereamur,
874 2860 932 2921 per
949 2840 1101 2901 eundem.

626 2972 630 2985 ¹
666 2983 803 3047 Secreta.

171 3098 341 3163 Sacrificia
378 3099 514 3162 domine
551 3101 763 3183 paschalibus
797 3100 927 3181 gaudiis
966 3099 1186 3163 immolamus.
1217 3100 1337 3180 quibus

120 3188 285 3249 aecclesia
301 3186 495 3249 mirabiliter
510 3197 544 3250 et
559 3192 706 3270 pascitur
721 3202 755 3250 et
771 3190 921 3249 nutritur.
940 3206 1005 3268 per.

644 3345 828 3424 Praefatio.

168 3466 219 3529 <D
238 3475 372 3529 aeterne
389 3467 478 3530 deus.
528 3465 574 3529 Et
594 3466 753 3549 pietatem
773 3476 864 3528 tuam
883 3463 1053 3527 indefessis
1079 3463 1251 3546 praecibus
1275 3464 1336 3525 im-

121 3552 262 3635 plorare.
280 3565 316 3615 ut
339 3554 395 3633 qui
422 3552 585 3635 paschalis
613 3552 803 3617 sestiuitatis
832 3551 1031 3634 sollempnia
1055 3553 1203 3613 colimus.
1221 3552 1252 3611 in
1277 3565 1334 3613 tua

120 3660 256 3721 semper
270 3638 530 3702 sanctificatione
547 3642 706 3703 uiuamus.
717 3662 784 3723 quo
803 3641 994 3720 temporalis
1011 3637 1083 3701 sesti
1102 3638 1333 3700 obseruatione

119 3728 294 3809 peruenire
317 3746 510 3791 mercamur.
530 3728 571 3788 ad
593 3740 801 3790 aeternorum
821 3728 1018 3806 gaudiorum
1038 3727 1331 3788 continuationem.

119 3834 182 3897 per
201 3812 360 3876 christum
377 3814 549 3877 dominum
567 3824 724 3877 nostrum.

591 3926 692 4007 Infra
706 3925 867 3988 actionem.

163 4042 467 4107 communicantes.
514 4042 614 4106 Hanc
630 4043 736 4125 igitur.
753 4052 911 4122 utsupra.

574 4194 639 4257 Ad
648 4194 874 4276 corrutlendum.

158 4313 218 4377 Ab
231 4310 323 4375 omni
338 4330 400 4373 nos
413 4330 593 4393 quesumus
609 4312 745 4374 domine
762 4321 926 4375 uetustate
943 4321 1109 4393 purgatos.
1123 4314 1323 4375 sacramenti

109 4403 161 4467 rui
191 4398 383 4463 ueneranda
411 4398 580 4481 perceptio
609 4400 642 4461 in
673 4419 796 4463 nouam
834 4398 1010 4462 transferat
1040 4410 1234 4463 creaturam.
1265 4420 1324 4481 per

113 4488 289 4553 «lominum
306 4494 464 4549 nostrum.
