3038 5106
485 350 589 401 SABB.
609 351 657 400 IN
669 351 734 401 XII.
754 350 1016 403 LECTIONJBt-'s
1308 365 1351 413 ¹41

147 502 344 567 sublimitas.
360 502 509 585 uirginea
532 504 680 569 crederet
703 504 829 586 puritas
850 504 1025 567 ineffabilis
1047 503 1217 586 perficeret
1233 504 1350 567 deitas.

149 590 245 653 Illius
260 592 372 672 itaque
387 602 544 673 optamus
556 602 589 653 te
598 591 785 672 opitulante
795 612 926 653 cernere
938 590 1055 653 faciem
1067 592 1137 653 sine
1149 592 1348 655 confusione.

147 678 242 741 cuius
258 677 493 740 incarnationis
515 679 700 759 gaudemus
724 677 978 760 sollempnitate.
1004 677 1171 759 Quatinus
1187 678 1348 761 purificati

148 765 286 827 ieiuniis.
302 767 429 827 cunctis
446 766 576 846 purgati
601 786 620 827 a
643 766 739 828 uitiis.
761 767 880 828 natalis
903 767 974 827 eius
992 766 1148 828 interesse
1165 786 1350 829 mereamur

148 851 390 935 sollempnibus
400 850 500 914 festis.
516 873 576 935 per
591 872 698 933 quem.

598 972 661 1034 Ad
680 973 909 1053 corripiendum.

194 1073 355 1138 Salutaris
371 1076 418 1138 tui
444 1075 579 1139 domine
601 1096 736 1138 munere
763 1078 883 1139 satiati.
907 1076 1072 1158 supplices
1102 1077 1347 1157 depraecamur.

146 1172 186 1225 ut
201 1162 293 1225 cuius
309 1162 472 1225 laetamur
486 1173 594 1244 gustu.
606 1183 803 1225 renouemur
818 1163 945 1226 effectu.
963 1184 1022 1245 per
1037 1166 1217 1227 dominum.

649 1333 766 1396 anm
790 1333 851 1396 Vl.

194 1443 317 1508 Excita
347 1445 482 1507 domine
515 1465 695 1525 quesumus
727 1447 911 1528 potentiam
943 1455 1036 1507 tuam
1067 1456 1100 1508 et
1131 1445 1215 1508 ueni.
1247 1456 1283 1510 ut
1314 1447 1346 1510 hi

146 1532 204 1613 qui
221 1533 323 1595 intua
337 1533 462 1615 pietate
478 1532 650 1595 confidunt
665 1534 708 1595 ab
725 1535 814 1595 omni
832 1535 929 1595 citius
945 1534 1147 1596 aduersitate
1159 1532 1355 1601 liberentur..

148 1640 215 1701 per.

634 1722 831 1805 l[Srcrrla.¹]
1200 1721 1257 1807 llo,
1279 1742 1346 1787 101.

192 1821 387 1886 Muneribus
412 1823 533 1885 nostris
560 1843 739 1904 quesumus
764 1823 899 1885 domine
925 1824 1162 1905 praecibusque
1178 1825 1347 1904 susceptis.

147 1920 182 1973 et
206 1909 404 1973 caelestibus
430 1930 489 1972 nos
520 1912 645 1973 munda
673 1911 848 1991 mysteriis.
880 1920 913 1972 et
941 1912 1120 1974 clementer
1142 1913 1273 1974 exaudi.
1291 1933 1348 1992 per

147 1998 331 2060 dominum.

660 2100 842 2178 Prarfntin

192 2205 242 2268 G)
258 2214 392 2267 aeterne
408 2204 497 2267 deus.
543 2201 609 2284 Qui
621 2202 844 2266 sanctificator
856 2225 890 2265 es
901 2215 933 2266 et
944 2203 1113 2266 institutor
1129 2204 1349 2268 abstinentiae

146 2290 241 2354 cuius
266 2292 375 2354 nullus
403 2290 484 2353 finis.
510 2290 685 2372 nullusque
711 2301 761 2352 est
787 2312 950 2352 numerus
998 2290 1142 2353 Etlunde
1168 2313 1349 2373 quesumus

146 2398 248 2460 super
264 2380 337 2440 n0s²
355 2378 547 2441 ieiuniorum
566 2387 753 2439 nostrorum
769 2378 920 2459 spiritum
937 2380 1063 2459 gratiae
1079 2378 1239 2441 salutaris.
1256 2390 1289 2442 et
1306 2380 1348 2442 ab

146 2464 303 2528 omnibus
341 2485 402 2527 nos
439 2464 743 2545 perturbationibus
781 2465 902 2527 saeculi
942 2466 1038 2526 huius
1069 2476 1126 2527 tua
1156 2465 1348 2529 defensione

145 2571 316 2614 conserua.
333 2552 440 2633 utqui
458 2552 619 2628 unigeniti
636 2552 683 2613 tui
700 2550 927 2613 caelebramus
943 2552 1135 2615 aduentum.
1152 2555 1346 2616 continuum

146 2640 219 2701 eius
233 2640 417 2702 sentiamus
432 2638 603 2701 auxilium.
620 2658 679 2719 per
694 2658 802 2719 quem.

595 2764 626 2821 A
630 2759 656 2820 d
667 2759 891 2839 complendum.

189 2862 255 2927 Tui
286 2883 347 2925 nos
377 2863 512 2925 domine
542 2862 740 2924 sacramenti
773 2862 888 2925 libatio
919 2872 1034 2924 sancta
1066 2872 1233 2925 restauret.
1264 2875 1297 2926 et
1328 2886 1348 2926 a

143 2960 313 3013 uetustate
329 2962 495 3031 purgatos.
508 2951 541 3012 in
553 2950 700 3031 mysterii
711 2948 863 3011 salutaris
876 2950 975 3012 saciat
985 2951 1122 3012 transire
1135 2953 1346 3013 consortium.

144 3038 403 3119 perdominum.

432 3208 603 3274 Snssmro
628 3221 669 3269 m
694 3207 774 3270 XII.
800 3208 1063 3271 anrronmus.

189 3320 284 3383 Deus
299 3320 355 3402 qui
378 3322 541 3403 conspicis
566 3321 643 3403 quia
668 3341 712 3382 ex
740 3330 852 3383 nostra
878 3322 1043 3402 prauitate
1067 3320 1253 3403 affligimur.
1269 3343 1346 3385 con-

142 3408 229 3471 cede
245 3409 406 3491 propitius
423 3419 458 3470 ut
473 3430 518 3471 ex
535 3420 593 3470 tua
608 3408 799 3470 uisitatione
814 3407 1031 3470 consolemur.
1049 3428 1114 3488 per.

702 3527 793 3590 Alia.

190 3628 346 3695 Concede
365 3652 545 3714 quesumus
572 3631 784 3713 omnipotens
807 3632 896 3693 deus.
914 3640 951 3694 ut
974 3632 1030 3713 qui
1047 3632 1109 3694 sub
1125 3634 1251 3714 peccati
1269 3634 1345 3715 iugo

143 3738 191 3781 ex
219 3728 351 3781 uetusta
375 3720 534 3781 seruitute
566 3719 776 3799 deprimitur³
813 3730 992 3799 expectata
1017 3720 1178 3801 unigeniti
1207 3721 1265 3783 silii
1298 3723 1345 3784 tui

141 3826 235 3869 noua
250 3807 424 3869 natiuitate
441 3805 625 3868 liberemur.
642 3826 701 3887 per
716 3806 897 3868 dominum.

701 3927 791 3989 tilr‘a.

191 4028 353 4113 indignos
377 4050 438 4093 nos
460 4050 641 4112 quesumus
666 4030 802 4093 domine
829 4028 970 4092 famulos
997 4041 1074 4094 tuos
1098 4052 1181 4113 quos
1205 4032 1345 4095 actionis

80 4182 86 4195 ,
144 4138 306 4287 ppqprgreer
325 4118 423 4200 culpa
447 4118 629 4181 contristat.
654 4117 815 4199 unigeniti
839 4116 895 4179 filii
920 4118 967 4180 tui
985 4138 1047 4181 nos
1063 4119 1229 4181 aduentus
1253 4119 1347 4183 lacti·

178 4326 187 4361 ¹
204 4330 267 4381 This
277 4332 387 4397 heading
397 4332 418 4381 is
429 4332 534 4382 omitted
546 4332 572 4381 in
584 4332 627 4382 the
640 4332 696 4381 MS.
711 4331 794 4379 where
806 4348 879 4395 space
892 4331 1012 4381 hasbeen
1025 4332 1067 4381 left
1078 4332 1116 4381 t'or
1129 4332 1146 4381 it
1159 4348 1191 4381 on
1204 4332 1246 4381 sol.
1265 4346 1316 4383 tot.

177 4394 189 4427 ¹
204 4396 353 4463 Something
362 4414 443 4449 seems
460 4406 487 4448 to
503 4398 567 4449 bave
584 4398 647 4447 been
666 4398 771 4446 omitted
788 4398 866 4446 hnc:
884 4398 1006 4461 probably
1024 4398 1066 4447 the
1085 4398 1188 4462 missing
1207 4400 1288 4449 words
1304 4416 1345 4449 are

144 4464 176 4513 in
185 4462 275 4513 dicbus.

175 4526 187 4559 ¹
202 4528 253 4579 For
262 4528 437 4595 deprimimur.
