3038 5106
466 338 582 392 HEBD.
614 341 668 390 Ill.
701 340 837 403 QUADR.
889 340 1004 391 FERIA
1031 338 1070 389 II.

676 544 856 626 Praesattb.

209 668 259 730 (l)
275 677 408 730 aeterne
420 668 509 732 deus
552 669 597 732 Et
610 678 643 733 te
658 670 851 753 suppliciter
863 688 1009 732 exorare.
1026 676 1063 731 ut
1072 687 1148 730 cum
1159 665 1358 729 abstinentia

165 754 333 835 corporali.
365 775 458 817 mens
489 777 622 838 quoque
652 768 765 821 nostra
794 777 909 820 sensus
939 755 1082 819 declinet
1112 754 1262 817 inlicitos.
1316 753 1358 815 Et

166 840 262 921 quae1
319 852 448 904 terrena
507 844 729 908 delectatione
779 843 928 907 camales
974 842 1110 925 aepulas
1153 841 1357 921 abnegamus

164 927 329 990 humanae
346 930 527 993 uoluntatis
543 951 663 1013 prauas
680 932 881 994 intentiones
897 938 1115 1012 amputemus.
1132 937 1170 991 ut
1185 929 1228 991 ad
1245 938 1357 989 sancta

163 1024 352 1077 sanctorum
379 1015 526 1080 fideliter.
552 1017 793 1100 salubriterque
823 1017 984 1099 capienda
1008 1015 1211 1097 competenti
1239 1015 1357 1077 ieiunio

163 1101 333 1164 ualeamus
349 1104 464 1184 aptari.
498 1103 610 1167 Tanto
637 1105 732 1167 nobis
749 1106 827 1167 certi
844 1103 1039 1186 propensius
1055 1104 1174 1184 iugiter
1196 1101 1357 1164 adiutura.

162 1198 289 1266 quanto
314 1190 470 1252 fuerimus
494 1211 608 1254 eorum
634 1192 897 1255 institutionibus
921 1191 1089 1273 gratiores,
1116 1209 1176 1271 per
1198 1188 1355 1252 christum

160 1276 333 1338 dominum
350 1286 508 1344 nostrum.

613 1416 675 1480 Ad
685 1415 910 1497 complendum.

204 1537 340 1602 Cunctis
364 1559 423 1602 nos
447 1540 581 1602 domine
605 1541 749 1603 reatibus
772 1548 806 1603 et
829 1538 981 1621 periculis
998 1538 1196 1621 propitiatus
1212 1535 1353 1599 absolue.

159 1645 242 1705 quos
280 1627 364 1688 tanti
405 1628 552 1709 mysterii
593 1628 710 1692 tribuis
748 1648 820 1690 esse
861 1627 1045 1709 participes.
1087 1645 1146 1707 per
1182 1625 1354 1686 dominum

158 1723 316 1776 nostrum.

674 1900 794 1963 Fama
820 1899 863 1961 ΙΙ.

200 2033 381 2119 [cordibus
408 2036 528 2100 nostris
550 2056 732 2120 quesumus
755 2037 892 2099 domine
921 2034 1062 2118 gratiam
1086 2044 1179 2097 tuam
1212 2029 1271 2118 [fo.
1303 2050 1353 2114 49.

157 2122 323 2203 benignus
346 2122 491 2186 infunde.
516 2134 553 2186 ut
569 2124 655 2187 sicut
670 2123 713 2187 ab
730 2124 833 2186 aescis
849 2121 1074 2204 corporalibus
1090 2120 1295 2184 abstinemus
1311 2121 1355 2183 ita

158 2229 274 2270 sensus
312 2230 445 2291 quoque
476 2221 608 2274 nostros
637 2232 658 2275 a
688 2212 800 2273 noxiis
831 2209 1037 2273 retrahamus
1066 2208 1268 2272 excessibus.
1299 2228 1355 2289 per

159 2297 330 2358 dominum
349 2308 507 2361 nostrum.

688 2422 825 2487 Secreta.

201 2531 325 2594 Munus
355 2533 444 2614 quod
475 2534 536 2596 tibi
566 2533 701 2597 domine
738 2542 872 2596 nostrae
909 2531 1076 2595 seruitutis
1106 2529 1285 2595 offerimus.
1318 2541 1352 2594 tu

156 2620 299 2681 salutare
316 2620 411 2682 nobis
427 2621 547 2703 perfice
561 2631 814 2684 sacramentum.
827 2641 893 2703 per.

668 2776 848 2857 Praesatt‘o.

201 2886 250 2949 (l)
268 2895 401 2948 aeteme
416 2886 506 2949 deus.
538 2887 584 2950 Et
594 2887 806 2950 clementiam
818 2897 910 2951 tuam
922 2908 997 2950 cum
1010 2888 1101 2949 omni
1114 2886 1355 2968 supplicatione

157 2975 312 3054 praecari.
336 2983 372 3035 ut
396 2993 455 3054 per
477 2974 562 3037 hanc
587 2975 782 3038 ieiuniorum
800 2974 1065 3037 obseruationem
1083 2984 1208 3037 crescat
1224 2985 1355 3038 nostrae

157 3061 344 3122 deuotionis
383 3060 530 3124 aflectus,
572 3072 606 3125 et
647 3071 778 3124 nostras
816 3063 964 3125 actiones
1006 3062 1176 3143 religiosus
1214 3073 1354 3124 exornet

156 3147 301 3209 effectus.
348 3147 514 3229 Quatinus
541 3158 574 3210 te
601 3149 793 3211 auxiliante.
816 3159 850 3212 et
872 3148 915 3211 ab
938 3148 1092 3210 humanis
1107 3168 1240 3230 semper
1254 3159 1354 3211 retra-

157 3235 274 3296 hamur
303 3234 505 3300 excessibus.
537 3245 571 3297 et
609 3236 757 3297 munitis²
774 3235 922 3298 inherere
945 3235 1115 3298 ualeamus
1138 3245 1171 3298 te
1195 3235 1354 3317 largiente

156 3321 363 3385 caelestibus.
380 3342 438 3404 per
453 3322 612 3386 christum
628 3322 802 3384 dominum
819 3332 977 3386 nostrum.

609 3482 672 3544 Ad
678 3483 904 3564 complendum.

199 3592 334 3657 Praesta
350 3614 531 3675 quesumus
546 3595 757 3676 omnipotens
773 3606 806 3658 et
824 3595 1007 3657 misericors
1023 3594 1105 3657 deus
1128 3603 1165 3657 ut
1187 3615 1273 3675 quae
1296 3615 1352 3658 ore

153 3681 386 3762 contingimus.
403 3702 485 3763 pura
501 3691 612 3743 mente
627 3683 807 3763 capiamus,
823 3703 888 3764 per.

614 3841 722 3924 Super
727 3842 892 3924 populum.

196 3954 382 4019 Subueniat
399 3954 494 4017 nobis
510 3954 645 4018 domine
662 3956 887 4019 misericordia
903 3964 961 4018 tua
978 3965 1014 4019 ut
1031 3956 1074 4019 ab
1098 3957 1350 4022 imminentibus

151 4053 364 4124 peccatorum
408 4051 596 4104 nostrorum
641 4043 804 4124 periculis,
849 4055 883 4106 te
924 4062 1112 4106 mereamur
1156 4055 1351 4127 protegente

153 4131 282 4191 saluari.
300 4150 358 4210 per
373 4129 555 4192 dominum.

196 4331 204 4362 ¹
222 4334 277 4383 The
299 4334 397 4384 Leosric
415 4334 511 4394 Missal‚
526 4334 657 4393 Muratori,
671 4333 746 4396 (from
763 4336 850 4386 Codex
865 4334 1061 4396 ottobonianus)
1074 4332 1188 4392 Mdnard,
1198 4334 1248 4383 and
1262 4335 1347 4383 Pame·

150 4399 197 4447 lius
209 4400 242 4448 all
255 4401 318 4448 have
329 4416 399 4464 quae.
438 4400 467 4448 ln
480 4400 522 4448 the
532 4401 558 4450 S.
574 4400 632 4450 Gall
645 4400 702 4450 MS.
717 4400 765 4464 348
776 4402 819 4451 the
830 4400 936 4465 original
947 4402 1050 4464 reading
1066 4401 1088 4450 is
1103 4417 1159 4465 quc,
1173 4401 1301 4450 corrected
1318 4401 1350 4463 by

149 4481 164 4514 a
176 4467 238 4513 later
250 4465 317 4513 hand
334 4465 426 4528 toqui,
440 4464 521 4513 which
529 4465 551 4515 is
561 4465 604 4515 the
615 4466 719 4532 reading
729 4467 759 4516 oi
772 4465 901 4518 Gerbert's
912 4474 972 4515 text.

195 4525 206 4560 ²
217 4531 341 4594 Probably
352 4530 390 4579 ior
401 4531 512 4579 mom'tis.
885 4566 888 4573 .
