3038 5106
245 341 296 393 260
419 338 531 392 mssa
554 340 629 391 PRO
649 338 869 392 FRATRIBUS
888 338 934 389 ΙΝ
957 338 1021 392 UIA
1044 336 1283 391 DIRIGENDIS

244 496 376 561 ueniam
388 504 576 560 nostrorum
587 494 737 580 proficiat
746 503 967 578 peccatorum.
983 503 1017 559 et
1037 501 1115 559 tuae
1132 493 1354 559 miserationis
1363 512 1448 559 sem·

244 604 304 668 per
314 582 437 648 tribuat
451 582 619 647 solacium.
635 603 702 667 per.

708 724 816 805 Super
820 723 983 806 populum.

289 836 438 902 Gratiam
454 836 560 900 sancti
576 835 709 918 spiritus
725 835 860 900 domine
876 836 958 899 deus
968 834 1124 899 cordibus
1135 836 1255 899 nostris
1266 835 1447 899 clementer

244 923 387 988 infunde.
398 944 482 1005 quae
493 943 553 986 nos
562 922 740 1004 gemitibus
749 921 870 986 efficiat
879 921 1087 986 lacrimarum
1099 922 1245 985 maculas
1259 930 1448 985 nostrorum

244 1010 368 1074 diluere
384 1020 602 1092 peccatorum.
619 1020 719 1091 atque
734 1019 849 1092 optate
864 1008 961 1072 nobis
983 1019 1017 1073 te
1040 1009 1199 1091 largiente
1222 1008 1449 1092 indulgentiae

244 1107 368 1180 prestet
383 1096 546 1161 effectum.
562 1117 620 1179 per
635 1097 806 1160 dominum
824 1098 856 1159 in
872 1097 1000 1159 unitate
1015 1095 1172 1159 eiusdem.

555 1321 671 1384 Mrssn
695 1319 770 1382 Pno
796 1320 888 1381 lrau
910 1319 1142 1383 Asusamus.

285 1455 417 1520 Adesto
432 1458 566 1520 domine
581 1454 876 1538 supplicationibus
899 1457 1028 1519 nostris.
1043 1467 1077 1521 et
1097 1458 1185 1520 uiam
1210 1456 1325 1521 famuli
1342 1458 1399 1521 tui.
1417 1459 1450 1521 in

242 1540 357 1606 salutis
372 1552 449 1607 tuae
466 1544 682 1627 prosperitate
697 1543 845 1624 dispone.
861 1553 898 1606 ut
922 1544 1008 1606 inter
1029 1564 1145 1607 omnes
1169 1544 1264 1607 huius
1288 1546 1379 1607 tuae¹
1395 1545 1450 1608 uel

243 1629 332 1692 uitae
347 1631 530 1694 uarietates.
547 1642 605 1694 tuo
621 1649 752 1712 semper
767 1639 958 1712 protegatur
973 1630 1107 1694 auxilio.
1123 1652 1182 1714 per
1196 1632 1381 1695 dominum.

778 1766 914 1831 Secreta.

286 1879 466 1962 Propitiare
488 1881 622 1943 domine
647 1879 942 1962 supplicationibus
969 1880 1147 1943 nostriset
1173 1881 1232 1943 has
1258 1880 1451 1945 oblationes

239 1985 322 2048 quas
337 1967 396 2029 tibi
413 1967 581 2030 offerimus
597 1987 657 2049 pro
674 1966 798 2030 samulo
813 1975 870 2029 tuo
887 1966 1048 2048 benignus
1060 1987 1200 2031 assume.
1210 1976 1247 2030 ut
1258 1969 1349 2031 uiam
1360 1966 1450 2032 illius

239 2055 458 2136 praecedente
473 2055 579 2137 gratia
593 2063 651 2117 tua
666 2054 788 2135 dirigas
809 2062 843 2116 et
865 2053 1085 2135 subsequente
1101 2053 1277 2129 comitare†
1291 2054 1450 2137 digneris.

240 2148 277 2203 ut
292 2138 334 2202 de
349 2151 424 2204 actu
440 2150 539 2222 atque
555 2140 781 2203 incolomitate
803 2140 873 2202 eius
896 2139 1077 2203 secundum
1102 2142 1346 2204 misericordiae
1369 2150 1449 2205 tuae

240 2227 405 2309 praesidia
420 2229 633 2309 gaudeamus.
651 2247 709 2309 per
724 2226 897 2289 dominum
914 2235 1069 2290 nostrum.

749 2363 930 2444 Praefatio.

283 2474 333 2538 (Β
352 2490 484 2538 aeterne
499 2475 589 2537 deus.
628 2474 729 2539 Cuius
745 2475 930 2538 inmensam
948 2475 1204 2538 misericordiam
1221 2474 1447 2550 humillimus†

240 2561 410 2641 praecibus
421 2561 643 2643 imploramus.
657 2570 693 2624 ut
709 2561 770 2624 iter
783 2561 898 2624 famuli
912 2563 959 2624 tui
972 2582 1047 2625 cum
1058 2563 1124 2625 suis
1135 2559 1212 2646 [in]²
1224 2565 1446 2645 prosperitate

240 2647 387 2729 dirigere.
401 2669 542 2730 eumque
553 2650 638 2710 inter
649 2649 722 2711 uiae
734 2659 767 2711 et
783 2649 871 2710 uitae
887 2648 983 2711 huius
992 2650 1168 2712 uarietates
1178 2651 1324 2730 digneris
1335 2662 1445 2715 custo·

240 2733 318 2796 dire.
343 2734 506 2817 Quatinus
518 2735 709 2816 angelorum
721 2745 851 2797 tuorum
863 2737 1027 2817 praesidio
1038 2736 1137 2798 fultus
1149 2734 1262 2819 linter·
1279 2735 1337 2818 [fe.
1353 2740 1444 2800 188v.

240 2823 386 2884 cessione
402 2833 591 2885 sanctorum
614 2823 768 2884 munitus
785 2842 805 2884 a
821 2822 946 2885 eunctis
963 2823 1216 2886 aduersitatibus
1232 2834 1289 2886 tua
1307 2825 1446 2887 misera·

239 2908 330 2970 tione
345 2908 499 2971 defensus
516 2909 728 2991 profectionis
744 2919 777 2971 et
794 2909 989 2971 reuersionis
1004 2930 1082 2972 suae
1099 2908 1255 2972 felicitate
1271 2910 1402 2992 potiusl
1411 2922 1444 2975 et

238 3014 376 3076 compos
393 2997 549 3058 reddatur
566 2996 724 3058 iustorum
742 3005 895 3058 uotorum
911 3006 945 3058 et
963 2997 1006 3059 de
1022 3016 1154 3059 suorum
1172 2997 1312 3060 laetetur
1329 2999 1444 3061 remis-

237 3081 329 3143 sione
345 3094 563 3164 peceatorum.
580 3103 637 3164 per
651 3081 818 3145 christum.

692 3220 754 3282 Ad
763 3220 988 3302 complendum.

285 3331 376 3394 Deus
392 3332 447 3413 qui
464 3331 678 3413 diligentibus
691 3343 723 3395 te
736 3332 993 3395 misericordiam
1011 3344 1102 3395 tuam
1120 3353 1248 3414 semper
1265 3334 1443 3416 impendis,

239 3428 273 3480 et
289 3439 308 3479 a
325 3418 542 3481 seruientibus
561 3420 620 3482 tibi
638 3420 669 3480 in
688 3418 778 3481 nulla
793 3440 828 3481 es
845 3420 979 3501 regione
1003 3419 1210 3502 longinquus.
1228 3419 1335 3502 dirige
1351 3423 1442 3486 uiam

240 3504 353 3567 famuli
380 3507 426 3568 tui
453 3507 484 3567 in
510 3506 682 3569 uoluntate
707 3516 764 3567 tua
789 3518 825 3568 ut
852 3517 885 3568 te
910 3516 1096 3587 protectore
1126 3518 1160 3569 te
1191 3509 1356 3588 praeduce
1385 3531 1444 3591 per

241 3592 385 3655 iustitiae
426 3594 561 3655 semitas
600 3594 670 3655 sine
711 3591 895 3655 ofsensione
938 3594 1117 3674 gradiatur.
1163 3613 1220 3675 per
1264 3595 1441 3660 dominum

241 3688 398 3741 nostrum.
818 3698 821 3704 ·

409 3891 526 3952 ll1ssn
550 3902 620 3952 ruo
644 3889 858 3952 anrnruus
883 3901 923 3951 ru
949 3887 1023 3952 Um
1047 3887 1286 3954 Drmcuums.

287 4035 378 4098 Deus
395 4034 522 4098 infinite
538 4033 789 4096 misericordiae.
806 4043 839 4096 et
862 4034 1044 4097 maiestatis
1067 4035 1244 4097 inmensae.
1261 4055 1363 4117 quem
1381 4057 1443 4100 nec

241 4122 350 4204 spatia
380 4122 526 4185 locorum
558 4141 617 4183 nec
648 4119 823 4183 interualla
852 4129 1039 4203 temporum
1070 4122 1114 4185 ab
1141 4121 1191 4185 his
1223 4142 1307 4200 quos
1338 4126 1443 4186 tueris

241 4208 434 4291 abiungunt.
460 4211 577 4272 adesto
601 4207 733 4270 famulis
760 4208 826 4271 tuis
857 4208 889 4270 in
914 4217 948 4271 te
974 4208 1097 4290 ubique
1122 4208 1300 4272 fidentibus
1323 4219 1358 4273 et
1383 4230 1445 4292 per

241 4316 375 4359 omnem
391 4316 492 4379 quam
508 4296 583 4359 ituri
599 4304 677 4358 sunt
704 4295 792 4357 uiam
816 4295 886 4358 dux
910 4295 964 4357 eis.
983 4291 1058 4380 [eff]
1074 4315 1186 4358 comes
1206 4316 1277 4359 esse
1292 4296 1443 4377 dignare.

270 4448 282 4549 l
297 4452 566 4570 'sllrehslesinllllsua'deded
576 4518 657 4569 above
668 4517 711 4569 the
722 4517 782 4579 line,
795 4516 840 4567 but
850 4517 998 4583 apparently
1009 4517 1042 4581 by
1052 4516 1096 4567 tbe
1107 4516 1212 4582 original
1223 4515 1299 4567 lund.
