3038 5106
221 321 267 371 106
634 317 749 368 ram
780 315 806 365 V.
831 314 880 366 IN
898 314 1019 367 ALBIS.

704 493 767 557 Ad
777 502 949 575 uesperum.

263 601 397 663 Praesta
441 618 620 681 quesumus
661 598 874 679 omnipotens
911 597 1001 660 deus
1039 604 1076 660 ut
1120 595 1217 660 huius
1262 597 1431 680 paschalis

217 687 406 751 festiuitatis
439 685 588 748 mirabile
618 693 871 747 sacramentum.
898 694 932 746 et
962 684 1180 765 temporalem
1212 685 1308 748 nobis
1338 694 1431 748 tran-

217 775 416 856 quillitatem
477 773 608 836 tribuat.
654 782 687 834 et
732 772 837 834 uitam
886 769 1034 834 conserat
1078 773 1323 853 sempiternam.
1372 793 1432 854 per

217 863 399 924 dominum.

728 969 791 1032 Ad
800 969 919 1049 sontes.

263 1077 354 1139 Deus
370 1076 426 1157 qui
444 1096 504 1137 nos
520 1094 579 1157 per
590 1073 760 1157 paschalia
773 1071 858 1136 festa
868 1071 1034 1136 laetificas
1045 1074 1191 1138 concede
1205 1074 1296 1156 fpro·
1308 1073 1366 1157 [io.
1381 1077 1431 1154 76.

217 1165 325 1246 pitius.
344 1177 379 1225 ut
396 1183 538 1245 eaquae
563 1162 706 1224 deuotae
731 1161 870 1242 agimus,
888 1171 921 1224 te
945 1162 1127 1225 adiuuante
1150 1161 1292 1225 fideliter
1318 1174 1436 1226 tenea·

219 1271 299 1313 mus.
317 1271 382 1332 per.

622 1360 686 1423 Ad
694 1369 843 1422 sanctum
858 1358 1037 1425 Andream.

260 1466 384 1528 Tribue
399 1485 579 1547 quesumus
595 1465 807 1546 omnipotens
823 1463 912 1525 deus.
929 1472 965 1526 ut
989 1462 1065 1526 illuc
1090 1463 1207 1526 tendat
1232 1462 1434 1530 christianae

217 1554 405 1617 deuotionis
420 1552 568 1616 affectus.
583 1572 650 1634 quo
666 1562 776 1614 tecum
792 1559 844 1613 est
860 1561 973 1613 nostra
988 1552 1181 1614 substantia
1197 1571 1264 1633 per.

734 1757 853 1821 Fanni
868 1756 910 1823 V.

262 1893 354 1955 Deus
384 1892 442 1974 qui
473 1892 701 1955 diuersitatem
733 1892 882 1973 gentium
911 1891 943 1953 in
971 1890 1178 1979 confessiqne
1208 1893 1255 1956 tui
1288 1893 1435 1956 nominis

215 1979 378 2041 adunasti
396 1980 440 2041 da
463 1994 499 2041 ur
525 1980 647 2041 renatis
676 1978 767 2040 sonte
784 1979 997 2060 baptismatis
1014 1999 1080 2042 una
1096 1960 1138 2042 sit
1158 1979 1241 2044 fides
1257 1983 1435 2045 mentium.

216 2077 249 2128 et
265 2067 372 2149 pietas
389 2067 571 2129 actionum.
588 2086 647 2147 per
664 2066 840 2129 dominum
858 2075 1016 2128 nostrum.

759 2176 897 2239 Secreta.

263 2296 402 2378 Suscipe
424 2317 605 2378 quesumus
629 2296 765 2359 domine
781 2317 918 2359 munera
941 2297 1140 2379 populorum
1163 2306 1296 2361 tuorum
1321 2299 1435 2382 propi-

219 2384 294 2447 tius.
312 2395 347 2446 ut
362 2384 569 2446 consessione
586 2385 633 2445 tui
650 2384 794 2446 nominis
815 2394 849 2446 et
865 2382 1069 2465 baptismate
1085 2388 1243 2449 renouati.
1258 2388 1436 2469 sempiter-

219 2492 296 2533 nam
314 2472 553 2534 beatitudinem
571 2481 821 2551 consequantur.
838 2491 903 2551 per.

738 2581 917 2661 Praeferri).

263 2688 313 2750 (D
331 2707 388 2767 per
403 2686 561 2748 christum
584 2685 757 2749 dominum
783 2695 941 2748 nostrum.
988 2685 1055 2768 Qui
1083 2707 1143 2750 nos
1170 2708 1228 2768 per
1253 2687 1433 2769 paschalae

219 2775 413 2854 mysterium
441 2774 574 2835 edocuit
599 2783 799 2835 uetustatem
829 2774 916 2835 uitae
943 2773 1134 2854 relinquere.
1162 2785 1195 2836 et
1223 2775 1255 2836 in
1282 2777 1434 2838 nouitate

219 2861 351 2941 spiritus
369 2859 547 2922 ambulare.
571 2880 591 2921 a
617 2880 684 2940 quo
709 2870 889 2941 perpetuae
916 2861 1031 2921 mortis
1057 2872 1232 2942 superatur
1258 2863 1433 2925 acerbitas.

218 2957 251 3008 et
268 2958 422 3009 aeternae
439 2948 528 3009 uitae
544 2944 697 3009 fidelibus
713 2946 868 3008 tribuitur
883 2947 1063 3028 integritas.
1082 2966 1140 3028 per
1154 2968 1262 3029 quem.

676 3058 738 3120 Ad
748 3059 974 3139 corrrplendum.

262 3161 397 3223 Exaudi
436 3161 571 3223 domine
608 3181 743 3242 praeces
778 3173 915 3224 nostras
947 3172 983 3224 ut
1021 3163 1259 3245 redemptionis
1297 3176 1433 3229 nostrae

218 3258 429 3310 sacrosancta
470 3249 676 3310 commercia.
709 3259 742 3311 et
780 3250 868 3310 uitae
910 3249 1005 3310 nobis
1036 3249 1208 3312 conferant
1247 3257 1433 3331 praesentis

218 3335 389 3397 auxilium.
407 3343 440 3397 et
456 3337 577 3416 gaudia
593 3336 795 3416 sempiterna
810 3336 993 3399 concilient.
1010 3357 1068 3417 per
1084 3338 1266 3401 dominum.

705 3444 768 3508 Ad
778 3458 952 3527 uesperum.

263 3547 450 3630 Multiplica
466 3569 646 3629 quesumus
662 3549 797 3611 domine
814 3550 913 3613 fidem
937 3550 1052 3633 populi
1077 3552 1131 3614 tui.
1149 3562 1185 3614 ut
1201 3552 1294 3615 cuius
1315 3575 1375 3636 per
1398 3566 1433 3620 te

219 3637 359 3718 sumpsit
384 3637 521 3698 initium.
546 3647 660 3718 perte
683 3648 905 3717 consequatur
928 3649 1154 3720 augmentum.
1174 3660 1232 3719 per
1255 3642 1432 3707 dominum

218 3732 376 3785 nostrum.

727 3809 789 3872 Ad
799 3811 919 3889 sontes.

262 3913 354 3975 Deus
385 3912 440 3993 qui
472 3911 567 3974 nobis
599 3912 641 3974 ad
673 3913 929 3977 caelebrandum
968 3914 1144 3996 paschalae
1181 3927 1430 3982 sacramentum

218 4000 383 4062 liberiores
414 4001 541 4061 animos
559 4001 759 4081 praestitisti.
777 4002 860 4064 doce
876 4022 937 4064 nos
955 4013 988 4064 et
1005 4012 1151 4064 metuere
1166 4003 1257 4082 quod
1282 4003 1432 4069 irasceris

217 4097 249 4149 et
266 4108 378 4149 amare
393 4088 482 4168 quod
501 4088 670 4169 praecipis.
687 4108 746 4169 per
761 4087 933 4150 dominum
952 4100 1108 4151 nostrum.

622 4199 685 4261 Ad
694 4208 842 4262 sanctum
857 4200 1037 4263 Andream.

260 4302 330 4384 sDa
353 4321 532 4384 quesumus
556 4303 767 4384 omnipotens
794 4305 884 4367 deus,
910 4314 947 4367 ut
971 4304 1130 4366 aecclesia
1154 4313 1211 4367 tua
1233 4315 1267 4367 et
1284 4304 1340 4387 [s0.
1356 4309 1431 4386 76v.

216 4410 349 4539 suorpm
367 4389 522 4489 firmitate
536 4390 759 4453 membrorum
771 4402 806 4456 et
818 4411 905 4453 noua
921 4410 1052 4472 semper
1064 4390 1267 4455 fecunditate
1281 4393 1430 4462 laetetur.

217 4498 276 4558 per
314 4497 473 4540 ominum.
