3038 5106
475 332 566 382 Dour.
592 332 767 383 SANCTAE
791 334 992 384 RESURREC
995 335 1021 384 T
1019 334 1126 384 10le

714 536 893 615 Praefatio.

244 640 293 702 il)
323 639 367 701 Et
398 639 519 701 iustum
550 649 602 702 est
626 660 768 721 aequum
794 651 828 703 et
857 640 1011 706 salutare.
1067 641 1117 704 Te
1146 641 1282 722 quidem
1313 640 1408 703 omni

199 735 377 807 ternporae.
402 726 459 788 sed
491 727 524 788 io
555 727 616 789 hac
647 728 857 809 potissimum
888 738 986 791 nocte
1009 728 1182 810 gloriosius
1204 728 1408 811 praedicare.

200 832 274 874 cum
292 814 415 894 pascha
439 824 588 875 nostrum
611 814 802 877 immolatus
829 804 885 877 est'
900 815 1049 878 christus.
1098 816 1173 896 Ipse
1195 817 1284 878 enim
1308 834 1409 877 uerus

200 910 249 961 cst
276 919 382 981 agnus
409 901 464 982 qui
491 900 628 964 abstulit
659 911 795 981 peccata
827 901 949 965 mundi.
996 901 1062 984 Qui
1089 911 1228 965 mortem
1257 912 1409 964 nostram

199 987 371 1049 moriendo
387 987 560 1052 destruxit.
574 1002 607 1050 et
619 988 723 1051 uitam
740 989 941 1069 resurgendo
957 990 1129 1071 reparauit.
1175 990 1221 1053 Et
1237 989 1313 1052 ideo
1327 1008 1407 1051 cum

198 1075 335 1155 angelis,

662 1185 763 1265 Infra
777 1187 939 1250 actionem.

242 1291 534 1355 Communicantes
557 1300 590 1353 et
614 1300 746 1352 noctem
770 1291 1026 1353 sacratissimam
1051 1291 1277 1353 caelebrantes
1301 1311 1409 1354 resur-

196 1380 349 1440 rectionis
378 1378 505 1440 domini
529 1378 631 1439 nostri
657 1378 726 1439 iesu
742 1377 853 1439 christi
876 1381 1058 1440 secundum
1083 1398 1225 1440 carnem.
1273 1379 1340 1443 Sed
1374 1388 1410 1441 et

196 1467 390 1528 memoriam
426 1474 629 1526 uenerantes
677 1465 714 1525 ln
747 1465 860 1546 primis
898 1466 1061 1546 gloriosae
1099 1486 1229 1547 semper
1267 1465 1407 1546 uirginis

98 1623 105 1636 ¹
196 1555 319 1614 mariae
334 1553 500 1634 genitricis
516 1552 664 1614 eiusdem
680 1553 734 1613 dei
750 1560 783 1614 et
806 1553 933 1615 domini
957 1552 1059 1615 nostri
1079 1553 1148 1615 iesu
1169 1552 1289 1614 christi.
1338 1551 1407 1617 Sed

196 1651 229 1702 et
246 1641 430 1702 beatorum.

755 1750 846 1814 Item.

240 1857 338 1918 Hanc
356 1855 454 1935 igitur
463 1853 666 1916 oblationem
677 1855 845 1917 seruitutis
857 1863 988 1917 nostrae
997 1855 1056 1918 sed
1067 1864 1100 1917 et
1112 1864 1249 1918 cunctae
1260 1854 1407 1917 familiae

194 1953 279 2005 triae.
289 1962 390 2023 quam
408 1942 466 2004 tibi
478 1941 655 2003 offerimus,
674 1962 733 2023 pro
743 1941 794 2003 his
806 1962 938 2023 quoque
950 1962 1033 2022 quos
1045 1962 1236 2024 regenerare
1247 1942 1405 2024 dignatus

194 2052 229 2091 es
256 2035 312 2105 lex
335 2049 422 2110 aqua
445 2039 478 2089 et
501 2029 617 2108 spiritu
639 2040 763 2091 sancto
781 2029 927 2090 tribuens
943 2030 990 2090 eis
1008 2021 1233 2091 remissionem
1258 2027 1314 2110 [sn.
1331 2044 1404 2109 73v.

194 2119 344 2178 omnium
361 2126 581 2197 pcccatorum.
597 2134 778 2195 quesumus
794 2115 929 2177 domine
945 2126 981 2178 ut
997 2115 1147 2197 placatus
1163 2116 1315 2198 accipias

651 2251 713 2314 Ad
723 2253 948 2334 complendum.

239 2360 398 2441 Spiritum
416 2357 511 2419 nobis
527 2357 662 2420 domine
689 2367 766 2419 tuae
791 2357 941 2419 karitatis
966 2356 1110 2419 infunde.
1127 2365 1163 2419 ut
1189 2376 1273 2435 quos
1298 2376 1405 2417 sacra-

196 2448 316 2509 mentis
347 2444 557 2527 paschalibus
588 2444 723 2509 satiasti.
755 2454 813 2507 tua
843 2444 943 2506 iacias
974 2444 1098 2526 pietate
1129 2444 1318 2506 concordes,
1346 2464 1405 2525 per

194 2536 367 2597 <lominum
384 2542 542 2594 nostrum.

423 2741 620 2803 Dorrrnrcn
643 2753 812 2802 sasernis
836 2737 1177 2815 nnsunnacrrouet

239 2888 330 2949 Deus
350 2887 406 2967 qui
429 2886 588 2946 hodierna
604 2886 657 2946 die
674 2906 731 2966 per
746 2886 953 2966 unigenitum
971 2895 1063 2947 tuum
1081 2885 1286 2949 aeternitatis
1309 2887 1404 2950 nobis

194 2977 322 3037 aditum
354 2974 485 3035 deuicta
509 2982 615 3035 morte
642 2973 799 3034 reserasti.
823 2983 902 3034 uota
929 2984 1041 3034 nostra
1067 2992 1131 3053 que
1159 2975 1405 3054 praeueniendo

195 3063 319 3143 aspiras
334 3062 434 3122 etiam
452 3059 643 3121 adiuuando
658 3079 863 3140 prosequere.
880 3079 938 3140 per
953 3060 1134 3123 dominum.

731 3196 868 3260 Secreta.

240 3302 378 3382 Suscipe
394 3301 528 3362 dominc
543 3321 723 3381 quesumus
739 3322 872 3381 praeces
889 3300 1002 3382 populi
1025 3300 1073 3363 tui
1088 3321 1163 3362 cum
1180 3300 1405 3365 oblationibus

196 3391 385 3452 hostiarum.
403 3398 438 3449 ut
455 3387 663 3468 paschalibus
688 3388 816 3449 initiata
840 3389 1013 3468 mysteriis.
1031 3389 1072 3450 ad
1089 3390 1294 3451 aeternitatis
1310 3391 1406 3452 nobis

197 3476 361 3539 medelam
377 3484 411 3536 te
426 3484 583 3556 operante
599 3473 781 3557 proficiant.
798 3496 856 3557 per
871 3475 1044 3537 dominum
1060 3485 1219 3539 nostrum.

714 3611 894 3690 Praefatio.

240 3719 289 3781 (D
306 3735 449 3797 aequum
475 3724 509 3777 et
531 3715 682 3778 salutare.
727 3716 777 3778 Te
793 3717 926 3796 quidem
943 3715 1204 3797 omnitempore.
1220 3716 1278 3778 sed
1296 3716 1327 3778 in
1346 3715 1408 3779 hac

198 3806 407 3887 potissimum
447 3804 500 3864 die
538 3803 712 3882 gloriosius
751 3803 941 3884 praedicare
979 3823 1054 3864 cum
1093 3803 1216 3883 pascha
1254 3814 1405 3866 nostrum

197 3891 389 3953 immolatus
414 3899 463 3950 est
488 3888 629 3950 christus
655 3911 713 3971 per
736 3910 835 3970 quem
863 3890 905 3951 ad
927 3898 1095 3951 aeternam
1112 3889 1215 3951 uitam
1240 3888 1297 3951 filii
1323 3890 1404 3953 lucis

197 3981 354 4039 oriuntur.
372 3976 521 4038 fidelibus
545 3977 635 4057 regni
660 3976 811 4039 caelestis
835 3978 918 4038 atria
946 3986 1136 4038 reserantur.
1159 3987 1192 4038 et
1219 3976 1308 4038 beati
1332 3977 1407 4058 lege

197 4063 394 4127 commercii.
419 4064 539 4125 diuinis
566 4063 712 4126 bumana
737 4075 915 4126 mutantur.
939 4064 1016 4144 quia
1041 4075 1227 4126 nostrorum
1253 4065 1403 4126 omniurn

199 4174 286 4215 mors
310 4171 405 4212 cruce
421 4150 532 4211 christi
557 4161 729 4232 perempta
745 4160 803 4213 est.
819 4160 853 4213 et
866 4151 897 4212 in
915 4151 1150 4212 resurrectione
1166 4151 1236 4212 eius
1252 4152 1403 4213 omniurn

198 4242 267 4301 uita
285 4238 469 4299 resurrexit.
486 4257 584 4318 quem
602 4238 634 4299 in
651 4239 861 4318 susceptione
877 4236 1088 4299 mortalitatis
1104 4237 1203 4298 deum
1222 4237 1404 4300 maiestatis

198 4327 417 4407 agnoscimus.
434 4334 468 4385 et
484 4325 515 4384 in
533 4324 717 4388 diuinitatis
733 4324 838 4406 gloria
854 4327 953 4386 deum
968 4333 1000 4386 ct
1016 4324 1184 4385 hominem
1198 4323 1404 4387 confitemur.

198 4414 268 4497 j‘qtri
295 4421 433 4473 mortem
451 4420 596 4473 nostram
615 4413 786 4475 moriendo
802 4412 967 4475 destruxit
983 4421 1016 4475 et
1031 4412 1136 4473 uitam
1153 4431 1257 4473 resur·
1281 4411 1337 4494 [ῑο.
1355 4430 1404 4497 74

198 4500 309 4580 gendo
325 4498 497 4580 reparauit.
543 4499 589 4562 Et
605 4499 688 4564 ide0.
