3038 5106
208 328 259 381 216
457 330 503 383 VJ.
528 330 618 383 NON.
646 330 726 383 our:
751 330 841 383 mr.
868 330 897 383 S.
923 328 1170 383 montaum

743 504 882 571 Secreta.

253 607 405 691 Accepta
426 608 469 673 sit
491 609 525 672 in
543 618 724 693 conspectu
747 619 808 673 tuo
830 608 967 673 domine
990 617 1104 673 nostra
1117 607 1263 673 deuotio.
1278 616 1315 671 et
1340 608 1413 671 eius

208 695 637 865 gqbigofinalitnsuqlqplicatione
645 696 806 761 salutaris
817 716 878 779 pro
888 697 982 761 cuius
996 696 1243 779 sollempnitate
1254 694 1411 758 defertur.

662 899 726 963 Ad
735 899 960 982 complendum.

253 1001 395 1067 Exultet
417 1002 552 1066 domine
576 1003 719 1087 populus
742 1012 820 1067 tuus
839 1004 945 1068 sancti
970 1002 1144 1067 hieronimi
1164 1022 1413 1067 commemora·

209 1088 307 1152 tione.
338 1098 372 1153 et
402 1090 494 1153 cuius
524 1092 638 1154 uotiua
668 1090 809 1154 laetatur
842 1090 959 1154 officio.
990 1089 1153 1155 releuetur
1182 1088 1318 1154 auxilio,
1351 1109 1414 1171 per

207 1176 381 1240 dominum
398 1186 555 1240 nostrum.

283 1346 375 1410 Kar„
400 1346 487 1412 Ocr.
513 1349 669 1412 Nantua
693 1347 930 1412 Snxcrouunr
955 1348 1121 1412 Ruurorr.
1146 1346 1340 1411 Genuam.

620 1434 795 1499 Uaoasrr.
820 1436 999 1499 Bauours.

253 1543 388 1608 Exaudi
404 1545 539 1608 domine
562 1544 721 1628 populum
747 1555 840 1609 tuum
857 1556 891 1611 et
911 1556 1102 1609 sanctorum
1123 1555 1255 1609 tuorum
1278 1545 1413 1609 conses-

207 1650 319 1694 sorum
343 1633 500 1713 germani.
528 1634 663 1715 remigii.
680 1633 817 1696 uedasti.
833 1632 981 1697 bauonis.
997 1633 1195 1715 sollempnia
1218 1631 1411 1696 caelebran-

207 1727 334 1781 temet
357 1717 551 1800 temporalis
573 1720 661 1783 uitae
686 1740 746 1783 nos
767 1719 874 1784 tribue
901 1740 983 1803 pace
1006 1722 1152 1802 gaudere
1173 1730 1208 1784 et
1234 1729 1409 1783 aeternum

207 1806 372 1888 repperire
387 1805 579 1870 subsidium.
596 1826 662 1888 per.

741 1926 877 1991 Secreta.

252 2029 389 2093 Praeces
419 2039 549 2093 nostras
572 2050 752 2112 quesumus
785 2031 920 2094 domine
947 2039 980 2094 et
1007 2041 1138 2095 tuorum
1163 2030 1289 2113 respice
1315 2029 1409 2094 obla·

207 2115 316 2179 tiones
340 2115 495 2180 fidelium.
520 2127 557 2180 ut
581 2117 641 2180 tibi
664 2128 778 2199 gratae
803 2120 869 2181 sint
892 2119 925 2180 in
950 2127 1082 2181 tuorum
1110 2117 1290 2181 sestiuitate
1313 2137 1407 2180 sanc·

207 2213 325 2267 torum.
342 2214 376 2267 et
392 2203 487 2267 nobis
503 2203 674 2267 conserant
692 2214 768 2267 tuae
783 2205 1030 2287 propitiationis
1046 2203 1219 2268 auxilium.
1233 2224 1301 2287 per.

720 2342 900 2424 Praefatrb.

252 2445 302 2508 (Β
327 2453 460 2507 aeterne
476 2444 565 2508 deus.
612 2444 678 2528 Qui
704 2456 894 2510 sanctorum
919 2456 1052 2510 tuorum
1077 2446 1226 2528 germani
1252 2443 1405 2529 lremigii.

207 2531 345 2593 uedasti.
361 2542 394 2594 et
411 2531 549 2594 bauonis
565 2531 725 2595 hodierna
740 2533 916 2614 geminasti
933 2533 1029 2595 nobis
1045 2534 1077 2594 in
1094 2531 1221 2595 conses—
1238 2529 1296 2617 [so.
1317 2545 1405 2611 154v.

208 2619 301 2681 sione
318 2618 487 2681 laetitiam.
503 2619 559 2701 qui
576 2622 698 2700 pariter
720 2620 908 2683 sacerdotes
924 2621 1067 2701 aegregii
1084 2621 1174 2701 quod
1195 2620 1405 2700 praedicane-

209 2715 284 2768 runt
314 2725 370 2767 ore
400 2704 554 2786 operibus
586 2707 844 2788 compleuerunt.
875 2716 910 2770 et
940 2715 1161 2788 peruenerunt
1192 2707 1235 2769 ad
1266 2707 1406 2788 gloriam

208 2792 450 2874 sempiternam.
464 2813 522 2874 per
538 2792 695 2856 christum
712 2794 884 2856 dominum
902 2804 1058 2856 nostrum.

663 2930 725 2993 Ad
736 2931 962 3012 corrrplendum.

255 3032 386 3113 Repleti
412 3044 619 3097 sacramento
642 3036 857 3116 reparationis
881 3035 1047 3098 humanae
1071 3045 1202 3117 praesta
1218 3055 1406 3116 quesumus

210 3128 246 3181 ut
263 3139 318 3200 per
336 3141 475 3201 eaquae
492 3121 586 3182 nobis
603 3141 738 3183 munere
753 3122 898 3204 dignaris
921 3122 1078 3204 praebere
1093 3123 1235 3185 caelesti.
1251 3142 1310 3204 per
1325 3122 1407 3184 haec

211 3206 327 3268 eadem
353 3207 478 3269 tribuas
506 3208 601 3270 nobis
625 3207 772 3270 inherere
797 3209 893 3271 donis
918 3209 1121 3272 caelestibus.
1146 3229 1205 3291 per
1229 3210 1404 3272 dominum

210 3302 367 3355 nostrum.

263 3460 309 3509 vr.
335 3447 430 3510 Nou.
455 3446 541 3510 Ocr.
567 3447 723 3510 Nantua
748 3448 888 3512 Saucrr
922 3449 1157 3513 Luoosonnrr
1181 3448 1362 3512 Errscorr.

256 3559 393 3624 Summe
431 3560 641 3641 omnipotens
679 3560 760 3623 deus
797 3561 852 3641 qui
890 3561 994 3624 uitam
1031 3559 1120 3623 beati
1158 3559 1315 3623 antistitis
1360 3561 1409 3623 tui

211 3646 388 3727 leodegarii
413 3647 565 3727 martyris
589 3668 647 3728 per
670 3647 763 3710 istius
784 3647 905 3711 saeculi
929 3668 1106 3729 erumpnas
1122 3649 1262 3710 transire
1279 3648 1409 3710 iussisti.

211 3735 303 3796 cuius
319 3753 429 3795 annua
454 3732 537 3796 festa
553 3734 675 3796 deuota
702 3745 814 3797 mente
837 3735 1069 3797 caelebramus
1086 3755 1265 3816 quesumus
1290 3744 1326 3796 ut
1351 3756 1410 3816 per

211 3822 281 3884 eius
306 3821 573 3882 intercessionem
602 3821 732 3902 plebem
758 3831 835 3884 tuae
860 3822 1055 3884 clementiae
1078 3821 1295 3884 famulantem
1312 3822 1357 3884 ita
1375 3823 1407 3883 in

210 3908 375 3990 praesenti
392 3907 513 3969 foueas.
531 3917 568 3970 ut
583 3908 625 3970 ad
642 3908 798 3971 caelestia
821 3928 922 3990 regna
944 3909 1112 3991 perducas
1129 3929 1187 3990 per
1202 3909 1384 3971 dominum.

762 4028 852 4091 Alia.

255 4132 346 4194 Deus
377 4131 433 4213 qui
463 4131 598 4193 beatum
630 4141 809 4213 martyrem
841 4142 934 4196 tuum
966 4131 1189 4213 leodegarium
1228 4132 1261 4193 in
1299 4153 1408 4214 agone

210 4220 366 4302 probasti.
382 4228 415 4281 et
432 4218 606 4299 probatum
624 4219 657 4280 in
673 4217 787 4281 dolore
809 4218 990 4301 suscepisti.
1006 4238 1104 4299 quem
1127 4219 1287 4280 hodierna
1303 4220 1357 4282 die
1373 4220 1406 4282 in

211 4306 409 4369 caelestibus
432 4305 563 4387 gaudiis
593 4305 736 4387 recipere
760 4306 916 4388 dignatus
940 4325 984 4368 es.
1001 4315 1132 4386 praesta
1154 4305 1248 4368 nobis
1274 4305 1407 4369 famulis

210 4394 275 4457 tuis
291 4402 327 4456 ut
342 4393 399 4475 qui
414 4392 553 4474 gloriam
569 4411 636 4454 non
654 4412 824 4456 meremur.
840 4390 1082 4474 indulgentiam
1099 4402 1310 4474 peccatorum
1334 4393 1409 4476 ipso

208 4481 449 4544 interueniente
464 4478 602 4562 adipisci
619 4498 812 4543 mereamur.
827 4498 893 4563 per.
