3038 5106
340 334 426 387 ΚΑΙ..
454 334 544 389 Noa
573 334 623 386 IN
645 334 716 385 DIE
745 334 909 387 OMNIUM
930 332 1170 385 SANCTORUM.
1309 344 1355 383 221

665 502 848 585 Praefatae.

199 604 251 669 ff)
275 612 409 667 aeterne
432 604 524 667 deus.
578 602 628 665 Te
652 602 685 665 in
712 613 845 666 tuorum
876 600 1103 684 apostolorum
1133 598 1356 683 glorificantes

153 692 289 756 bonore.
319 692 375 773 qui
413 700 447 753 et
484 690 549 752 illis
586 688 729 753 tribuisti
767 689 1007 752 beatitudinem
1045 688 1291 769 sempiternam.
1322 697 1356 751 et

153 777 339 843 infirmitati
356 787 488 840 nostrae
504 777 584 839 talia
599 777 792 859 praestitisti
816 775 980 857 suffragia.
997 795 1055 858 per
1077 795 1163 856 quae
1178 784 1235 838 tua
1251 775 1355 856 possi-

155 886 231 929 mus
257 864 394 947 adipisci
421 864 577 928 subsidia.
602 873 636 927 et
663 864 834 946 peruenire
851 863 892 925 ad
910 862 1057 945 praemia
1076 862 1281 944 repromissa
1298 881 1356 943 per

153 952 324 1017 christum.

613 1052 674 1115 Ad
683 1053 908 1135 complendam.

200 1152 424 1235 Omnipotens
450 1153 651 1235 sempiterne
681 1154 770 1216 deus
799 1152 913 1214 mundi
943 1160 1071 1213 creator
1100 1161 1133 1213 et
1161 1160 1273 1213 rector.
1299 1153 1356 1232 qui

154 1240 273 1305 beatos
296 1239 466 1322 apostolos
490 1250 566 1303 tuos
593 1240 737 1302 nominis
761 1240 808 1302 tui
834 1239 973 1320 gloriam
999 1249 1194 1300 consecutos
1219 1238 1355 1320 elegisti.

154 1328 280 1392 exaudi
306 1327 467 1409 populum
492 1336 587 1389 tuum
614 1346 689 1390 cum
715 1335 903 1388 sanctorum
932 1335 1062 1387 tuorum
1088 1324 1147 1387 tibi
1173 1326 1356 1407 patrocinio

155 1413 408 1497 supplicantem.
434 1424 470 1476 ut
496 1415 586 1495 pacis
612 1415 702 1476 dono
726 1411 876 1496 proficiat
900 1413 943 1474 ad
969 1410 1045 1474 fidei
1061 1421 1094 1473 et
1109 1413 1255 1474 caritatis
1277 1432 1356 1493 aug-

158 1511 317 1565 mentum.
334 1522 392 1583 per
407 1502 589 1565 dominum.

185 1644 188 1649 ’
270 1668 306 1717 rr.
331 1654 422 1717 Kar.
446 1654 541 1719 Nou.
566 1667 605 1716 ru
631 1655 788 1718 Urania
811 1652 978 1716 Osmrusr
1003 1653 1249 1717 Saxcroaun.

201 1766 348 1829 Domine
374 1767 457 1830 deus
481 1776 592 1829 noster
613 1764 797 1846 multiplica
820 1784 918 1846 super
943 1784 1003 1826 nos
1023 1764 1163 1845 gratiam
1188 1774 1279 1826 tuam
1304 1762 1358 1838 ut†

156 1872 297 1935 quorum
336 1854 568 1935 praeuenimus
598 1852 741 1932 gloriosa
771 1851 969 1931 sollempnia
998 1851 1106 1913 tribue
1136 1851 1292 1932 subsequi
1323 1853 1355 1912 in

156 1950 272 2003 sancta
288 1940 491 2022 professione
507 1939 676 2001 laetitiam.
693 1959 751 2020 per
766 1939 948 2001 dominum.

664 2050 850 2138 [Secreta.]¹

202 2154 336 2233 lAltare
351 2165 444 2217 tuum
461 2154 597 2217 domine
624 2153 705 2215 deus
734 2153 924 2216 muneribus
951 2153 1194 2215 cummulamus
1211 2152 1265 2235 [so.
1288 2156 1355 2232 158.

157 2242 286 2306 oblatis.
302 2243 346 2304 da
360 2260 539 2322 quesumus
555 2251 591 2303 ut
607 2241 648 2302 ad
673 2240 813 2303 salutem
838 2251 984 2302 nostram
1004 2241 1151 2302 omnium
1168 2251 1357 2303 sanctorum

157 2337 289 2392 tuorum
328 2330 536 2411 praecatione
584 2324 766 2409 proficiant
804 2347 945 2409 quorum
984 2326 1180 2408 sollempnia
1218 2338 1357 2390 uentura

159 2416 405 2499 praecurrimus.
422 2435 487 2496 per.

669 2518 849 2598 Praefatae.

202 2618 253 2683 (D
270 2628 402 2681 aeterne
417 2619 509 2682 deus.
554 2618 772 2681 Reuerentiae
796 2627 872 2679 tuae
887 2619 999 2681 dicato
1015 2617 1135 2680 ieiunio
1149 2619 1354 2700 gratulantes

159 2706 237 2787 quia
274 2706 463 2768 ueneranda
500 2706 649 2768 omnium
697 2714 888 2767 sanctorum
926 2704 1123 2785 sollempnia
1160 2705 1355 2768 desideratis

160 2793 392 2875 praeuenimus
421 2790 544 2855 officiis.
577 2802 613 2854 ut
643 2792 684 2854 ad
716 2793 834 2854 eadem
872 2790 1091 2854 caelebranda
1129 2791 1357 2874 sollempniter

158 2899 397 2963 praeparemur.
413 2899 472 2960 per
486 2878 644 2941 christum
661 2878 833 2940 dominum
851 2888 1009 2940 nostrum.

613 2994 675 3056 Ad
685 2994 909 3074 coitqoletrdum.

203 3094 425 3159 Sacramentis
455 3093 590 3156 domine
614 3105 648 3156 et
674 3093 803 3174 gaudiis
826 3102 943 3175 optata
967 3092 1178 3156 caelebritate
1203 3094 1354 3175 expletis.

158 3200 338 3264 quesumus
353 3190 389 3244 ut
405 3201 518 3243 eorum
544 3180 716 3262 praecibus
739 3180 942 3243 adiuuemur.
959 3200 1098 3260 quorum
1124 3180 1356 3243 recordationi-

159 3268 221 3332 bus
236 3267 444 3331 exhibentur.
462 3288 519 3349 per
534 3267 716 3330 dominum.

711 3387 801 3451 filia.

201 3487 305 3551 Erudi
335 3507 513 3569 quesumus
543 3487 678 3550 domine
709 3487 868 3568 populum
893 3498 986 3549 tuum
1011 3487 1211 3569 spiritalibus
1238 3488 1357 3550 instru-

157 3576 286 3639 mentis,
309 3585 342 3638 ct
372 3594 511 3656 quorum
542 3583 690 3656 praestas
720 3573 917 3655 sollempnia
944 3575 1142 3655 praeuenire.
1167 3573 1218 3636 lac
1242 3594 1355 3637 eorum

155 3672 189 3725 et
203 3661 467 3725 consideratione
483 3661 649 3725 deuotum.
666 3670 699 3724 ct
722 3660 913 3723 defensione
936 3681 1095 3724 securum.
1111 3682 1170 3743 per
1184 3661 1356 3724 dominum

156 3752 328 3813 nostrum.²

623 3883 699 3967 [An
722 3885 878 3947 Mrssau.
1214 3882 1268 3966 [so.
1291 3900 1357 3967 159.

202 3996 426 4081 Omnipotens
465 3996 665 4080 sempiterne
688 3997 770 4061 deus
800 3997 857 4079 qui
888 4016 949 4059 nos
975 3996 1123 4057 omnium
1166 4006 1355 4059 sanctorum

158 4084 276 4147 merita
291 4083 353 4148 sub
367 4103 434 4147 una
442 4082 559 4147 tribuis
568 4083 779 4148 caelebritate
790 4084 938 4147 uenerari
949 4102 1128 4165 quesumus
1143 4093 1179 4145 ut
1191 4083 1356 4147 desidera·

156 4180 227 4235 tam
242 4171 339 4234 nobis
350 4184 428 4234 tuac
439 4171 682 4253 propitiationis
694 4171 956 4235 habundantiam
970 4170 1195 4253 multiplicatis
1206 4170 1357 4234 interces-

156 4257 303 4322 sionibus
319 4257 475 4341 largiaris.
492 4278 558 4341 per.

191 4378 200 4413 ¹
216 4380 280 4433 'llus
289 4382 400 4449 heading
411 4380 433 4433 is
443 4381 550 4434 omitted
561 4382 587 4433 in
599 4382 656 4435 MS.

187 4444 200 4479 ¹
213 4446 271 4499 The
281 4448 358 4499 lower
370 4446 427 4499 hdr
439 4446 469 4499 oi
482 4448 526 4501 tlte
545 4458 613 4501 recto
632 4448 662 4499 οἰ
675 4446 717 4499 iol.
739 4448 784 4513 158
803 4448 825 4499 is
844 4448 941 4507 blnnlr3
957 4448 1000 4498 the
1017 4464 1090 4498 verso
1107 4448 1129 4497 is
1147 4448 1268 4513 occupied
1279 4448 1314 4514 by
1323 4464 1357 4499 an

156 4512 335 4567 illumiuttlon
370 4514 430 4575 (See
445 4514 618 4575 Ptnexrn.)
