3038 5106
488 353 539 405 IX.
570 353 654 404 KAL.
684 354 766 405 MAI.
795 353 884 405 ΝΑΤ.
913 354 940 405 S.
975 354 1137 406 GEORGH.

745 530 883 595 Secreta.

259 642 454 706 Muneribus
476 644 596 705 nostris
618 652 651 705 te
673 640 924 723 magnificamus
945 641 1074 707 oblatis.
1096 642 1199 725 quae†
1218 643 1251 706 in
1276 652 1418 706 sanctae

216 729 311 792 nobis
327 729 629 811 sollempnitatibus
650 729 813 792 eufemiae
833 739 866 792 et
888 729 1010 811 gaudia
1025 741 1160 794 aeterna
1181 729 1418 801 concilias.†et

216 817 398 898 patrocinia
413 818 615 897 sempiterna
632 816 788 899 largiaris.
804 836 870 897 per.

726 948 906 1030 Praefatio.

258 1064 307 1126 (D
324 1074 458 1125 aeterne
474 1064 563 1125 deus.
611 1061 655 1124 Et
671 1063 703 1123 in
721 1062 782 1124 hac
798 1062 1045 1144 sollempnitate
1071 1062 1132 1126 tibi
1159 1061 1266 1125 laudis
1290 1061 1420 1125 hostias

214 1150 395 1211 immolare.
412 1171 477 1230 qua
501 1150 618 1211 beatae
641 1148 803 1211 eufemiae
826 1150 980 1229 martyris
1003 1159 1080 1212 tuae
1103 1150 1293 1232 passionem
1317 1169 1418 1212 uene·

215 1238 319 1298 rando
336 1238 517 1299 recolimus.
531 1247 563 1298 et
581 1237 626 1298 tui
642 1237 784 1297 nominis
794 1237 943 1317 gloriam.
954 1237 1074 1299 debitis
1091 1237 1275 1318 praeconiis
1288 1238 1418 1319 magni-

213 1322 359 1386 ficamus,
378 1344 436 1405 per
450 1324 608 1385 christum
625 1323 799 1385 dominum
817 1335 972 1386 nostrum.

669 1461 730 1522 Ad
740 1460 965 1541 complendum.

260 1573 403 1638 Sanctae
414 1593 474 1635 nos
485 1572 638 1653 martyris
650 1571 812 1635 eufemiae
825 1573 993 1653 praecatio
1003 1574 1062 1636 tibi
1073 1574 1209 1637 domine
1219 1584 1315 1655 grata
1327 1594 1417 1637 com-

215 1662 322 1723 itetur.
334 1669 366 1722 et
379 1670 470 1722 tuam
488 1659 583 1722 nobis
596 1660 837 1741 indulgentiam
855 1680 989 1740 poscere
1001 1680 1067 1723 non
1079 1661 1226 1724 desistat.
1239 1681 1300 1742 per
1311 1660 1417 1724 domi-

214 1768 294 1811 num
311 1757 468 1809 nostrum.

217 1948 321 1998 xvrn.
346 1934 437 1996 Kar„
457 1934 541 1996 Min.
561 1932 718 1994 NATALE
745 1932 982 2080 Sffcaoauu
1000 1932 1178 1996 Tmunun
1198 1932 1417 1997 Unnanmm

698 2033 745 2081 aa
808 2034 929 2082 Axirn.

262 2132 396 2195 Praesta
412 2152 591 2214 quesumus
607 2132 819 2212 omnipotens
834 2133 924 2195 deus.
942 2142 978 2194 ut
994 2132 1050 2213 qui
1074 2141 1265 2195 sanctorum
1282 2140 1418 2196 tuorum

217 2220 342 2283 tiburtii
356 2219 513 2282 ualeriani
526 2229 559 2281 et
573 2219 712 2281 maximi
733 2218 932 2300 sollempnia
941 2218 1090 2282 colimus.
1101 2238 1216 2281 eorum
1238 2219 1342 2283 etiam
1356 2222 1419 2283 uir·

217 2317 305 2371 tutes
322 2308 495 2370 imitemur.
512 2326 570 2388 per
586 2305 757 2368 dominum
776 2316 934 2368 nostrum.

729 2424 909 2508 [Secreta.¹]

263 2540 385 2603 Hostia
409 2540 491 2602 haec
518 2558 698 2620 quesumus
725 2539 860 2600 domine
884 2559 985 2620 quam
1014 2541 1045 2601 in
1070 2550 1260 2601 sanctorum
1286 2549 1421 2603 tuorum

218 2628 380 2690 nataliciis
411 2637 618 2689 recensentes
649 2624 817 2687 offerimus
848 2637 880 2687 et
911 2626 1043 2689 uincula
1074 2636 1206 2689 nostrae
1244 2628 1423 2707 prauitatis

217 2714 377 2777 absoluat.
394 2724 427 2776 et
444 2724 520 2775 tuae
537 2712 631 2774 nobis
649 2712 906 2795 miscslricordiae
918 2715 1007 2776 dona
1023 2713 1183 2775 conciliet.
1196 2733 1255 2795 per
1273 2710 1330 2797 [fo.
1353 2731 1422 2777 122.

217 2801 399 2864 dominum.

727 2920 905 3000 Praefatio.

262 3036 311 3098 iffi)
328 3044 461 3095 aeterne
477 3034 566 3095 deus.
602 3033 646 3094 lit
663 3042 695 3094 te
712 3033 743 3093 in
761 3043 950 3095 sanctorum
964 3043 1147 3114 martyrum
1160 3042 1293 3095 tuorum
1307 3031 1423 3097 sestiu-

218 3122 298 3184 itate
309 3121 452 3182 laudare.
463 3122 517 3200 qui
535 3140 665 3200 semper
680 3140 715 3180 cs
733 3119 890 3181 mirabilis
907 3121 939 3180 in
956 3130 1088 3181 tuorum
1101 3120 1424 3183 commemoratione

218 3218 417 3271 sanctorum.
431 3219 463 3269 et
481 3226 621 3287 magnae
639 3205 712 3267 fidei
727 3205 852 3287 largiris
865 3205 1021 3268 aflectum
1036 3217 1068 3268 et
1080 3207 1289 3268 tolerantiam
1304 3207 1424 3270 tribuis

218 3296 418 3377 passionum.
431 3303 464 3355 et
480 3294 606 3373 antiqui
624 3292 727 3354 hostis
744 3291 823 3353 lacis
839 3295 983 3373 superari
996 3292 1308 3356 machinamentum.
1343 3293 1423 3375 Quo

217 3381 340 3463 egregii
352 3390 512 3461 martyres
525 3381 571 3442 tui
583 3380 624 3441 ad
638 3379 834 3460 capiendam
845 3400 1061 3460 supernorum
1075 3379 1315 3442 beatitudinem
1328 3400 1424 3462 prae·

218 3471 359 3531 miorurn
386 3467 483 3529 nullis
507 3466 730 3547 impediantur
746 3467 933 3528 retinaculis
956 3466 1271 3530 blandimentorum.
1287 3477 1320 3529 et
1347 3468 1424 3530 ideo

215 3576 290 3618 cum
307 3555 440 3636 angelis

672 3665 732 3727 Ad
742 3664 966 3747 corripiendum.

263 3777 364 3842 Sacro
382 3797 516 3840 munere
532 3777 641 3839 satiati
658 3777 823 3857 supplices
840 3788 873 3838 te
889 3777 1024 3839 domine
1040 3778 1264 3858 deprecamur.
1279 3787 1316 3840 ut
1328 3780 1419 3859 quod

218 3865 351 3928 debitae
366 3865 533 3926 seruitutis
546 3864 750 3926 celebramus
776 3862 892 3925 officio
909 3864 1103 3926 saluationis
1131 3873 1208 3927 tuae
1234 3864 1419 3928 sentiamus

219 3962 443 4033 augmentum.
462 3972 527 4031 per.

295 4152 344 4202 1x.
369 4138 459 4200 Knn.
486 4138 572 4200 Mni.
598 4137 753 4200 Narnia
777 4136 917 4200 Snucm
943 4135 1104 4201 Guonon
1129 4137 1336 4200 illinamus.

263 4252 355 4314 Deus
365 4251 421 4332 qui
438 4271 498 4312 nos
514 4251 602 4312 beati
617 4250 742 4332 georgii
759 4250 912 4329 martyris
927 4250 976 4311 tui
993 4250 1118 4312 meritis
1134 4260 1167 4312 et
1183 4249 1415 4312 intercessione

220 4337 386 4402 laetificas.
403 4338 548 4400 concede
564 4337 734 4418 propitius.
750 4347 786 4399 ut
802 4337 858 4417 qui
874 4337 944 4398 eius
960 4335 1119 4400 beneficia
1135 4337 1312 4419 poscimus.
1328 4336 1416 4399 dona

218 4435 296 4489 tuae
311 4425 437 4508 gratiae
453 4443 700 4505 consequamur.
717 4442 782 4505 per.

635 4540 642 4573 ¹
662 4542 781 4606 Heading
791 4540 897 4592 omitted
908 4540 934 4590 in
947 4540 1004 4591 us.
