3038 5106
203 340 254 395 23⁴
375 294 378 299 ’
501 330 552 383 m
576 330 720 383 urcrrm
747 328 855 383 mun
884 328 1114 383 naamon.
1213 396 1216 401 ¹

658 502 956 587 rumpam.

250 612 474 681 Sacramentis
497 614 633 679 domine
655 625 691 679 et
713 614 843 697 gaudiis
873 623 990 697 optata
1013 613 1225 678 caelebritate
1248 614 1405 697 expletis.

205 721 385 785 quesumus
408 711 446 765 ut
471 721 585 765 eorum
612 702 784 786 praecibus
806 702 1009 766 adiuuemur.
1023 720 1164 784 quorum
1180 702 1406 767 recordation-

205 788 279 854 ibus
293 788 502 853 exhibentur.
517 809 584 872 per.

504 975 550 1037 Iu
575 973 730 1039 Urcrma
754 974 880 1041 Unius
904 974 1110 1041 Mnnsums.

251 1087 307 1151 Da
336 1086 432 1150 nobis
462 1086 674 1169 omnipotens
700 1086 782 1151 deus
811 1097 849 1151 ut
878 1088 967 1151 beati
990 1088 1036 1151 ill.
1060 1087 1213 1170 martyris
1228 1085 1286 1150 tui
1302 1104 1407 1167 quam

206 1174 439 1258 praeueuimus
479 1173 669 1237 ueneranda
711 1174 949 1257 sollempnitas.
986 1184 1021 1238 et
1057 1174 1271 1238 deuotionem
1309 1170 1407 1235 nobis

206 1270 328 1344 augeat
343 1270 377 1324 et
392 1259 541 1324 salutem.
558 1281 617 1345 per
630 1262 812 1326 dominum.

735 1382 872 1447 Secreta.

248 1493 402 1579 (Praesta
416 1513 595 1576 quesumus
617 1493 752 1558 domine
774 1504 811 1559 ut
834 1494 923 1558 beati
946 1495 991 1558 ill.
1016 1494 1170 1578 martyris
1186 1491 1243 1557 tui.
1259 1490 1316 1576 [fo.
1337 1492 1407 1571 169.

207 1581 371 1664 suffragiis
408 1581 442 1643 in
474 1581 569 1644 nobis
603 1589 662 1643 tua
693 1600 830 1645 munera
853 1582 982 1646 tuearis.
1007 1602 1067 1665 pro
1093 1582 1185 1645 cuius
1210 1579 1409 1643 honoranda

206 1668 413 1733 confessione
428 1667 554 1731 hostias
570 1667 630 1732 tibi
646 1667 753 1731 laudis
768 1668 945 1733 offerimus
961 1689 1027 1752 per.

657 1788 689 1851 Α
693 1788 720 1851 d
730 1788 955 1871 complendum.

251 1901 386 1964 Praesta
412 1919 591 1982 quesumus
615 1900 750 1964 domine
777 1911 814 1965 ut
844 1900 1042 1965 sacramenti
1072 1901 1121 1964 tui
1152 1899 1409 1983 participatione

206 1987 360 2070 uegetati.
376 1987 481 2050 sancti
497 2006 628 2068 quoque
645 1989 798 2070 martyris
814 1990 863 2053 tui
879 1988 924 2053 ill.
940 1987 1113 2071 praecibus
1129 1987 1333 2051 adiuuemur.
1348 2005 1411 2068 per

158 2138 161 2147 ,
206 2074 380 2139 dominum
397 2083 556 2138 nostrum.

505 2256 549 2319 Iu
575 2255 733 2319 Nnrnuu
757 2254 883 2320 Un1us
907 2254 1114 2320 MARTYRIS,

250 2370 387 2434 Praesta
410 2388 589 2451 quesumus
613 2369 825 2451 omnipotens
847 2368 930 2431 deus
954 2376 991 2430 ut
1012 2368 1069 2450 qui
1084 2368 1173 2432 beati
1190 2368 1236 2432 ill.
1252 2368 1410 2451 martyris

205 2456 254 2520 tui
279 2456 434 2520 natalicia
457 2456 604 2521 colimus.
631 2456 864 2519 intercessione
888 2455 958 2518 eius
982 2455 1016 2517 in
1041 2455 1089 2517 tui
1120 2456 1264 2518 nominis
1295 2476 1409 2519 amore

205 2542 406 2607 roboremur.
422 2564 490 2624 per.

737 2660 874 2725 Secreta.

249 2774 442 2838 Muneribus
458 2774 578 2837 nostris
593 2793 772 2855 quesumus
787 2772 922 2836 domine
937 2772 1175 2855 praecibusque
1189 2775 1361 2856 susceptis.
1377 2782 1411 2836 et

205 2861 402 2925 caelestibus
425 2881 485 2923 nos
502 2861 626 2923 munda
643 2861 816 2942 mysteriis,
832 2869 866 2923 et
881 2859 1059 2923 clementer
1081 2861 1212 2923 exaudi.
1229 2881 1287 2942 per
1303 2861 1411 2925 domi-

205 2967 295 3011 num.

718 3067 899 3148 Praefatio.

251 3181 301 3244 (Β
321 3188 454 3242 aeterne
475 3179 565 3241 deus
611 3178 656 3242 Et
679 3179 711 3241 in
734 3179 900 3260 praesenti
923 3178 1102 3244 festiuitate
1124 3180 1230 3242 sancti
1254 3179 1412 3262 martyris

206 3267 254 3331 tui
270 3266 316 3330 ill.
326 3263 586 3329 tibiconfitendo
602 3265 708 3328 laudis
724 3265 848 3328 hostias
859 3265 1038 3328 immolare.
1048 3276 1206 3347 tuamque
1221 3266 1410 3329 inmensam

206 3354 365 3437 pietatem
384 3352 566 3434 implorare.
582 3361 619 3415 ut
634 3354 718 3415 sicut
728 3352 773 3414 illi
790 3354 910 3416 dedisti
923 3353 1073 3415 caelestis
1086 3352 1233 3434 palmam
1249 3353 1410 3435 triumphi

206 3441 253 3503 sic
268 3460 309 3504 eo
323 3438 527 3520 suffragante
542 3440 637 3502 nobis
649 3440 920 3503 emundationem
944 3459 982 3502 ac
1006 3441 1137 3502 ueniam
1153 3441 1318 3503 concedas
1334 3460 1410 3522 pec·

205 3528 280 3591 cati.
316 3526 364 3590 Ut
377 3527 453 3589 inte
468 3527 657 3589 exultemus
673 3527 705 3587 in
723 3526 952 3591 misericordia
962 3526 994 3589 in
1007 3546 1074 3608 quo
1090 3526 1231 3590 laetatur
1245 3527 1278 3588 in
1294 3524 1411 3609 gloria

206 3634 266 3697 per
280 3613 447 3677 christum.

659 3732 722 3795 Ad
732 3732 955 3814 complendum.

250 3846 305 3910 Da
320 3864 499 3927 quesumus
514 3845 648 3908 domine
663 3845 745 3907 deus
761 3855 879 3907 noster.
895 3854 932 3908 ut
946 3846 1031 3908 sicut
1048 3854 1178 3907 tuorum
1191 3863 1413 3907 commemor·

208 3934 320 3997 atione
335 3942 524 3996 sanctorum
540 3931 714 4014 temporali
730 3931 934 4014 gratulamur
948 3930 1065 3996 officio
1075 3932 1119 3995 ita
1132 3941 1294 4015 perpetuo
1310 3929 1415 3995 laete·

209 4039 282 4084 mur
297 4028 442 4102 aspectu.
459 4040 517 4101 per
531 4019 713 4082 dominum.

430 4203 474 4267 In
500 4201 655 4267 Uinium
677 4204 937 4268 Psunnronun
961 4202 1192 4267 Mnasuauu.

251 4315 430 4380 Beatorum
462 4324 645 4397 martyrum
668 4322 799 4378 tuorum
824 4314 871 4379 ill.
898 4324 932 4379 et
962 4314 1008 4379 ill.
1032 4314 1188 4378 natalicia
1212 4312 1412 4377 ueneranda

205 4420 385 4485 quesumus
400 4401 537 4466 domine
550 4400 711 4465 aecclesia
730 4409 790 4465 tua
813 4402 938 4466 deuota
962 4400 1128 4485 sumipiat.
1143 4410 1178 4465 et
1192 4398 1251 4465 fiat
1267 4418 1414 4484 magnae

146 4488 149 4492 ’
205 4488 455 4573 glorificationis
470 4507 585 4552 amore
598 4487 759 4553 deuotior.
775 4507 841 4572 per.
