3038 5106
515 354 607 403 Dour.
634 352 687 403 ΙΙΙ.
714 352 811 403 POST
832 351 908 401 067:
935 348 1116 403 tersum.

436 574 634 637 Dounncr
651 571 695 635 ΙΙ.
713 573 809 636 Posr
825 570 999 636 Ocrams
1016 573 1201 637 Pnscnnn.

268 711 361 773 Deus
376 708 433 790 qui
449 708 633 770 errantibus
649 715 686 768 ut
702 706 734 768 in
747 706 836 768 uiam
847 706 976 787 possint
992 706 1098 769 redire
1108 704 1260 768 iustitiae.
1277 704 1433 768 ueritatis

224 808 301 861 tuae
323 796 433 858 lumen
457 794 614 857 ostendis.
634 794 677 856 da
696 793 823 855 cunctis
849 793 905 874 qui
925 792 1103 855 christiana
1122 790 1261 875 proles-l
1284 791 1341 874 [so.
1361 793 1434 870 78v.

224 887 316 946 sione
338 892 521 945 censentur.
545 891 578 943 et
594 879 650 942 illa
666 899 818 961 respuere
833 899 920 961 quae
935 878 1011 942 huic
1034 881 1167 942 inimica
1189 890 1268 942 sunt
1292 879 1432 963 nomini.

225 983 256 1035 et
273 989 413 1052 eaquae
429 979 506 1032 sunt
522 977 601 1050 apta
622 968 747 1031 sectari.
765 987 830 1048 per.

754 1130 888 1193 Secreta.

271 1253 334 1315 His
350 1251 445 1314 nobis
468 1250 604 1313 domine
628 1250 795 1330 mysteriis
818 1249 1006 1313 conseratur
1021 1270 1088 1331 quo
1111 1259 1241 1312 terrena
1263 1247 1434 1313 desideria

226 1341 424 1421 mitigantes
441 1338 608 1400 discamus
625 1357 737 1399 amare
749 1337 912 1400 caelestia.
930 1356 988 1418 per
1003 1337 1185 1400 dominum.

731 1498 912 1578 Praefatae.

270 1622 319 1684 (D
348 1621 409 1681 Per
439 1617 596 1681 christum
628 1617 803 1680 dominum
829 1628 987 1681 nostrum.
1033 1618 1099 1701 Qui
1123 1619 1166 1681 de
1188 1617 1315 1699 uirgine
1342 1615 1434 1690 nasi†

226 1710 391 1790 (lignatus,
430 1727 488 1787 per
524 1705 713 1786 passionem
744 1715 778 1769 et
816 1715 966 1767 mortem.
991 1725 1011 1766 a
1038 1714 1198 1787 perpetua
1229 1725 1290 1767 nos
1322 1715 1434 1766 morte

226 1796 385 1856 liberauit.
432 1793 477 1856 Et
501 1792 737 1855 resurrectione
760 1812 820 1854 sua
840 1806 1009 1855 aeternam
1033 1792 1129 1854 nobis
1152 1793 1256 1855 uitam
1280 1791 1434 1854 contulit.

227 1900 408 1963 perquem.

679 2038 742 2102 Ad
748 2040 972 2121 complendum.

271 2162 487 2226 Sacramenta
524 2180 609 2241 quae
647 2161 849 2242 sumpsimus
879 2181 1060 2243 quesumus
1092 2160 1236 2224 domine.
1263 2170 1297 2224 et
1320 2163 1434 2244 spirit-

226 2250 333 2312 alibus
348 2268 408 2309 nos
426 2249 588 2310 instruant
611 2248 785 2311 alimentis.
803 2259 836 2311 et
858 2249 1084 2330 corporalibus
1108 2259 1264 2311 tueantur
1286 2251 1432 2312 auxiliis

229 2358 286 2419 per
307 2336 489 2399 dominum.

443 2545 640 2608 Domuum
660 2544 721 2607 111.
741 2543 835 2608 Posr
852 2544 1023 2609 Oeensis
1041 2547 1221 2609 Pnscuns.

270 2692 361 2754 Deus
380 2691 435 2771 qui
458 2689 603 2751 fidelium
629 2701 756 2752 mentes
781 2693 876 2753 unius
900 2691 1000 2754 efficis
1023 2692 1209 2755 uoluntatis.
1227 2693 1270 2755 da
1294 2693 1430 2775 populis

227 2780 290 2841 tuis
314 2780 345 2840 id
370 2798 481 2839 amare
511 2777 600 2858 quod
625 2779 790 2858 praecipis.
816 2780 848 2840 id
873 2780 1056 2841 desiderare
1079 2782 1167 2860 quod
1194 2782 1366 2860 promittis,
1392 2792 1430 2843 ut

228 2869 310 2927 inter
334 2865 519 2926 mundanas
543 2865 724 2926 uarietates
750 2865 794 2927 ibi
819 2876 930 2927 nostra
953 2865 1022 2928 lixa
1052 2868 1119 2931 sint
1141 2868 1242 2929 corda
1265 2867 1319 2929 ubi
1349 2889 1429 2930 uera

227 2963 304 3014 sunt
319 2952 448 3033 gaudia.
466 2971 529 3032 per.

762 3080 898 3144 Secreta.

272 3197 364 3258 Deus
380 3195 435 3277 qui
452 3216 512 3256 nos
535 3217 593 3276 per
616 3195 712 3257 huius
736 3196 883 3258 sacrificii
899 3199 1087 3261 ueneranda
1110 3200 1315 3262 commercia.
1333 3201 1432 3263 unius

227 3303 377 3346 summae
393 3283 576 3344 diuinitatis
592 3285 768 3364 participes
783 3283 927 3346 effecisti.
952 3295 1082 3366 praesta
1097 3307 1277 3366 quesumus
1293 3298 1329 3350 ut
1346 3290 1432 3350 sicut

228 3386 321 3432 tuam
333 3370 562 3449 cognoscimus
580 3371 761 3432 ueritatem.
772 3372 818 3432 sic
831 3391 905 3432 eam
921 3373 1030 3453 dignis
1042 3375 1187 3434 moribus
1198 3375 1431 3455 adsequamur.

231 3478 296 3539 per.

735 3584 917 3664 Praefatio.

275 3707 324 3769 (f)
341 3714 472 3766 aeterne
489 3705 577 3766 deus.
624 3705 669 3767 Et
696 3706 743 3768 tui
770 3707 1025 3770 misericordiam
1043 3710 1186 3770 muneris
1202 3710 1379 3792 postulare.
1397 3723 1433 3774 ut

231 3805 381 3874 tempora
404 3793 523 3872 quibus
539 3803 614 3873 post
631 3795 900 3855 resurrectionem
920 3816 1013 3856 suam
1037 3797 1192 3858 dominus
1209 3808 1320 3859 noster
1344 3799 1431 3861 iesus

231 3881 370 3943 christus
385 3899 460 3940 cum
478 3879 645 3958 discipulis
667 3880 879 3961 corporaliter
895 3882 1064 3944 habitauit
1088 3885 1134 3944 sic
1152 3886 1223 3965 ipso
1246 3885 1433 3966 opitulante

231 3970 285 4050 pia
323 3967 500 4028 deuotione
538 3976 725 4042 tractemus
754 3968 910 4047 quatinus
942 3970 973 4031 iu
1004 3969 1054 4031 his
1084 3973 1233 4033 omnium
1274 3973 1429 4034 uitiorum

231 4054 382 4118 sordibus
398 4073 576 4115 careamus.
593 4073 650 4133 per
665 4073 774 4133 quem.

677 4213 740 4275 Ad
750 4214 974 4296 complendum.

275 4326 289 4409 ¹l
294 4326 421 4388 Adesto
436 4324 570 4387 domine
585 4324 667 4387 deus
684 4337 794 4389 noster
821 4338 857 4390 ut
874 4349 931 4410 per
946 4329 1027 4392 haec
1050 4351 1135 4412 quae
1152 4331 1290 4395 fideliter
1305 4331 1360 4414 [so.
1379 4349 1428 4413 79.

231 4415 441 4495 sumpsimus.
454 4423 488 4474 et
504 4432 681 4494 purgemur
696 4434 716 4475 a
731 4414 827 4476 uitiis.
844 4424 877 4477 et
893 4416 1076 4497 apericulis
1092 4419 1246 4482 omuibus
1257 4438 1430 4484 exuamur.

230 4522 289 4585 per
305 4501 477 4563 dominum
494 4510 652 4562 nostrum.
