3038 5106
553 349 645 400 DOM.
677 349 725 399 IN
749 347 1075 412 QUINQUAGESIMA.

667 562 730 626 Ad
740 560 966 643 complendum.

258 681 389 745 Fideles
404 682 452 745 tui
469 683 551 746 deus
567 704 625 765 per
641 692 698 746 tua
713 683 803 745 dona
827 681 1015 745 firmentur:
1038 688 1075 744 ut
1091 680 1209 745 eadem
1227 676 1274 751 let
1297 678 1355 763 [fo.
1371 697 1424 758 41.

215 769 427 850 percipiendo
458 772 633 851 requirant.
664 780 698 833 et
728 769 919 851 quaerendo
948 770 1020 832 sine
1050 768 1115 831 fine
1144 768 1339 851 percipiant.
1366 789 1427 850 per

215 856 388 920 dominum
406 867 566 921 nostrum.

548 1053 747 1118 Doururcn
771 1069 811 1117 ru
838 1054 1089 1119 Seniensium.

260 1191 353 1254 Deus
369 1192 425 1272 qui
448 1192 612 1274 conspicis
636 1193 714 1273 quia
739 1212 782 1255 ex
808 1192 899 1254 nulla
925 1201 1037 1254 nostra
1062 1192 1193 1254 actione
1216 1189 1427 1255 confidimus.

216 1280 361 1341 concede
377 1280 538 1360 propitius
556 1290 591 1342 ut
608 1291 723 1342 contra
739 1281 878 1343 aduersa
891 1280 1003 1343 omnia
1018 1278 1165 1342 doctoris
1180 1280 1332 1360 gentium
1349 1299 1427 1361 pro·

217 1366 361 1428 tectione
378 1368 575 1429 muniamur,
592 1386 657 1448 per.

752 1490 890 1555 Secreta.

262 1591 423 1742 ΟὲΙειῒψῃ
440 1592 499 1656 tibi
515 1594 650 1656 domine
662 1592 857 1656 sacrificium
872 1592 1017 1657 uiuificet
1028 1613 1088 1656 nos
1101 1612 1231 1675 semper
1242 1601 1275 1655 et
1288 1593 1426 1655 muniat.

218 1700 277 1761 per
316 1700 475 1744 ominum.

731 1792 915 1873 Praefatio

263 1897 312 1959 (D
325 1904 457 1957 aeterne
469 1897 557 1958 deus.
598 1894 664 1978 Qui
682 1896 912 1959 rationabilem
930 1904 1114 1958 creaturam
1129 1916 1169 1958 ne
1185 1895 1425 1976 temporalibus

219 1982 333 2045 dedita
350 1983 444 2044 bonis
461 1984 503 2045 ad
527 1985 673 2064 praemia
689 1985 892 2065 sempiterna
907 2003 972 2045 non
990 1984 1107 2046 tendat
1123 2003 1162 2045 ea
1177 1983 1427 2064 dispensatione

220 2070 365 2150 dignaris
382 2069 517 2131 erudire.
534 2080 571 2133 ut
594 2090 654 2132 nec
677 2071 896 2151 castigatione
911 2069 1052 2132 deficiat.
1069 2090 1129 2132 nec
1152 2068 1428 2151 prosperitatibus

220 2156 404 2219 insolescat.
451 2155 517 2219 Sed
534 2156 597 2218 hoc
614 2158 724 2239 potius
740 2156 799 2220 fiat
815 2159 884 2219 eius
900 2156 1044 2238 gloriosa
1059 2157 1203 2220 deuotio.
1219 2157 1309 2237 quod
1327 2155 1427 2218 nullis

220 2244 477 2306 aduersitatibus
493 2243 611 2307 obruta
627 2255 807 2326 superetur.
823 2265 882 2325 per
897 2244 1064 2307 christum.

673 2375 737 2439 Ad
746 2375 971 2458 corrtplendum.

266 2496 441 2578 Supplices
472 2505 505 2559 te
535 2516 690 2577 rogamus
715 2498 926 2578 omnipotens
951 2496 1032 2559 deus
1056 2504 1093 2558 ut
1119 2514 1202 2576 quos
1228 2494 1294 2557 tuis
1323 2494 1430 2558 reficis

222 2586 444 2646 sacramentis,
461 2584 520 2645 tibi
536 2585 637 2644 etiam
662 2582 791 2664 placitis
808 2585 954 2646 moribus
976 2583 1154 2663 dignanter
1168 2583 1333 2645 deseruire
1349 2602 1430 2645 con-

222 2671 328 2733 cedas,
344 2691 403 2752 per
417 2672 600 2733 dominum.

509 2839 706 2904 Doumrci
731 2853 771 2902 ΙΝ
797 2838 1133 2922 Qumquncesmn.

268 2960 405 3023 Praeces
429 2971 557 3022 nostras
580 2981 760 3041 quesumus
783 2961 917 3022 domine
940 2960 1119 3023 clementer
1134 2960 1268 3023 exaudi.
1285 2969 1386 3040 atque
1409 2977 1429 3019 a

222 3062 434 3128 peccatorum
452 3048 590 3110 uinculis
608 3048 779 3110 absolutos
802 3049 845 3109 ab
867 3048 959 3110 omni
982 3068 1043 3111 nos
1065 3050 1265 3111 aduersitate
1289 3046 1428 3109 custodi.

222 3154 290 3215 per.

760 3246 896 3310 Secreta.

269 3349 363 3412 Haec
380 3350 488 3412 hostia
505 3350 640 3412 domine
663 3370 843 3432 quesumus
867 3351 1027 3413 emundet
1051 3360 1165 3413 nostra
1187 3349 1317 3412 delicta.
1336 3358 1369 3410 et
1385 3347 1426 3409 ad

224 3435 417 3586 sacrilipiium
449 3437 683 3499 celebrandum
715 3438 923 3500 subditorum
961 3438 1021 3500 tibi
1058 3458 1197 3518 corpora
1235 3448 1428 3516 mentesque

225 3534 329 3585 sanctr
355 3545 392 3585 ce
409 3573 415 3585 .
432 3545 498 3606 per.

737 3636 918 3716 Praefatio.

270 3740 320 3802 (D
351 3750 485 3801 aeterne
518 3740 608 3802 deus
654 3740 699 3802 Et
738 3742 946 3802 maiestatem
977 3749 1070 3802 tuam
1101 3759 1222 3801 cernua
1252 3737 1430 3801 deuotione

226 3847 373 3889 exorare.
390 3838 425 3889 ut
443 3827 614 3888 modulum
632 3837 780 3889 terrenae
798 3826 1000 3910 [fragilitatis
1016 3828 1178 3909 aspiciens
1196 3845 1261 3887 non
1286 3824 1343 3906 [so.
1358 3841 1430 3903 41v.

226 3916 258 3975 in
276 3916 322 3976 ira
338 3925 395 3975 tua
410 3935 470 3995 pro
486 3924 598 3975 nostra
614 3916 778 3995 prauitate
794 3935 853 3975 nos
870 3933 997 3995 arguas,
1014 3917 1073 3976 sed
1089 3916 1239 3975 inmensa
1254 3911 1431 3974 clementia

226 4012 284 4063 tua
300 4000 459 4082 purifices.
476 4001 607 4062 erudias
623 4000 808 4062 consoleris.
847 3998 913 4081 Qui
930 4021 1005 4064 cum
1022 4002 1093 4063 sine
1109 4010 1142 4064 te
1158 3999 1237 4062 nihil
1254 4017 1429 4079 possumus

227 4087 333 4149 lacere
349 4089 438 4168 quod
463 4088 521 4149 tibi
546 4088 588 4149 sit
611 4087 777 4168 placitum.
795 4096 852 4149 tua
868 4088 963 4149 nobis
979 4089 1086 4169 gratia
1101 4088 1173 4151 sola
1188 4086 1380 4170 praestabit.
1396 4095 1430 4145 ut

226 4173 347 4236 salubri
365 4175 618 4236 conuersatione
634 4175 795 4236 uiuamus.
812 4194 871 4257 per
886 4176 1054 4239 christum.

683 4311 747 4374 Ad
757 4312 984 4394 conptlcndum.

272 4414 463 4498 Quesumus
479 4416 691 4497 omnipotens
707 4417 790 4478 deus
806 4424 843 4478 ut
865 4416 922 4497 qui
938 4414 1093 4477 caelestia
1109 4414 1269 4477 alimenta
1285 4411 1430 4496 percepi-

230 4524 302 4565 mus
319 4523 376 4585 per
392 4503 473 4566 haec
490 4514 606 4566 contra
621 4504 735 4565 omnia
750 4504 890 4567 aduersa
913 4502 1109 4565 muniamur.
1126 4522 1193 4585 per.
