3038 5106
341 360 394 410 ΧΙ.
416 360 502 411 KAL.
529 360 632 409 SEPT.
660 360 747 410 NAT.
776 360 803 410 S.
831 361 853 410 S
858 360 1103 411 er'HolrlANl.
1269 375 1318 425 203

650 516 788 582 Secreta.

161 618 296 683 Praesta
321 618 417 682 nobis
441 636 622 700 quesumus
646 618 859 700 omnipotens
883 617 964 679 deus
980 625 1016 679 ut
1033 625 1165 679 nostrae
1188 614 1318 679 humili·

112 706 196 769 tatis
211 704 343 768 oblatio
360 714 394 770 et
410 726 470 787 pro
496 716 629 768 tuorum
655 713 750 785 grata
777 704 820 766 sit
844 702 970 765 honore
994 712 1193 766 sanctorum.
1209 713 1243 766 et
1259 722 1320 764 nos

113 810 253 873 corpore
269 792 391 873 pariter
405 802 440 855 et
456 801 568 854 mente
583 789 742 874 purificet.
760 810 819 872 per
834 791 1016 853 dominum.

625 911 809 991 Praefatio.

161 1011 211 1075 (θ
236 1020 369 1074 aeterne
393 1011 485 1073 deus
511 1012 566 1092 qui
594 1012 693 1073 beato
719 1011 855 1091 martyri
882 1020 941 1072 tuo
964 1010 1120 1073 uirtutem
1145 1011 1176 1072 in
1194 1009 1320 1072 conses-

113 1098 210 1159 sione
237 1100 407 1179 pugnanti.
433 1109 466 1161 et
493 1100 632 1179 gloriam
659 1099 691 1159 in
718 1100 871 1179 passione
897 1098 1042 1159 uincenti
1070 1098 1246 1160 contulisti.
1262 1098 1318 1177 qui

113 1204 285 1247 summum
308 1185 388 1247 illud
413 1185 573 1265 unigeniti
600 1186 647 1247 tui
673 1205 793 1246 nomen
822 1205 932 1246 coram
960 1183 1099 1265 regibus.
1116 1196 1149 1247 et
1173 1194 1318 1265 potesta-

116 1270 206 1334 tibus
237 1272 333 1335 huius
371 1272 492 1335 sacculi
531 1292 612 1333 uoce
651 1272 752 1333 libera
791 1280 986 1352 protestans.
1020 1273 1220 1351 praetiosum
1260 1271 1318 1332 tibi

114 1360 312 1439 sanguinem
323 1358 467 1440 gloriosa
478 1369 584 1421 morte
595 1358 732 1421 fuderat.
740 1378 798 1440 per
806 1357 965 1421 christum
976 1358 1149 1420 dominum
1161 1368 1318 1420 nostrum.

571 1469 633 1532 Ad
644 1470 869 1550 complendum.

161 1568 236 1632 Tua
265 1580 381 1633 sancta
410 1580 579 1633 sumentes
617 1590 796 1650 quesumus
834 1568 970 1631 domine
1005 1580 1041 1631 ut
1079 1569 1167 1631 beati
1208 1569 1318 1649 magni

116 1658 272 1738 martyris
289 1658 344 1719 tui.
361 1678 421 1720 nos
439 1656 574 1719 loueant
590 1657 784 1719 continuata
800 1656 972 1737 praesidia.
989 1677 1048 1737 per
1063 1656 1246 1718 dominum.

172 1836 220 1884 xi.
246 1822 337 1885 Kar.
362 1822 465 1886 Ssrr.
491 1821 647 1885 Narnia
672 1822 812 1886 SANCTI
837 1822 1032 1885 'surorum
1059 1822 1263 1883 histrarius.

163 1926 338 1989 Auxilium
366 1938 460 1989 tuum
490 1927 584 1989 nobis
617 1927 751 1988 domine
782 1925 932 2008 placatus
963 1926 1126 2006 impende.
1157 1936 1191 1987 et
1222 1926 1321 1986 inter·

114 2014 257 2075 cedente
281 2013 380 2075 beato
407 2014 569 2075 timotheo
593 2024 738 2095 martyre
763 2023 821 2076 tuo
848 2013 1022 2075 dexteram
1047 2032 1146 2094 super
1167 2032 1226 2074 nos
1242 2021 1319 2073 tuae

116 2100 362 2181 propitiationis
377 2101 533 2164 extende.
550 2121 615 2183 per.

650 2212 787 2275 Secreta.

163 2309 314 2392 Accepta
331 2312 389 2373 tibi
401 2313 443 2373 sit
453 2312 588 2373 domine
604 2321 732 2388 sacrate
745 2310 852 2392 plebis
862 2308 988 2372 oblatio
998 2331 1058 2391 pro
1069 2316 1135 2387 ltu·
1156 2308 1210 2391 [so.
1232 2324 1321 2387 145r.

115 2416 212 2459 orum
238 2398 363 2460 honore
383 2408 581 2461 sanctorum.
604 2418 744 2479 quorum
761 2418 796 2459 se
812 2398 937 2459 meritis
961 2398 1146 2479 percepisse
1163 2398 1204 2458 de
1221 2397 1322 2458 tribu-

118 2481 243 2547 latione
258 2486 430 2566 cognoscit
446 2486 617 2548 auxilium.
635 2505 701 2566 per.

626 2596 806 2659 Precatio.

163 2695 213 2757 (D
240 2704 375 2757 aeterne
398 2695 487 2757 deus
542 2693 618 2757 Tibi
649 2596 740 2756 eninsr
769 2694 853 2756 festa
890 2694 1127 2776 sollempnitas.
1159 2694 1219 2756 tibi
1249 2694 1321 2756 dies

116 2791 248 2844 sacrata
271 2781 483 2844 caelebratur.
530 2782 640 2863 Quam
657 2782 745 2844 beati
770 2781 920 2844 timothei
939 2782 1092 2863 martyris
1113 2782 1161 2843 tui
1186 2782 1320 2863 sanguis

118 2867 153 2929 in
181 2868 330 2929 ueritatis
357 2879 433 2930 tuae
460 2868 692 2931 testificatione
717 2869 879 2950 profusus.
898 2868 1076 2950 magnifico
1103 2870 1246 2931 nominis
1271 2869 1318 2931 tui

118 2952 244 3018 honore
259 2954 411 3036 signauit.
428 2975 488 3037 per
503 2956 670 3018 christum.

572 3067 633 3130 Ad
644 3068 868 3149 conplendum.

164 3164 279 3228 Diuini
296 3167 441 3230 muneris
456 3166 609 3249 largitate
630 3168 740 3229 satiati
764 3188 945 3248 quesumus
961 3168 1095 3230 domine
1111 3168 1192 3230 deus
1209 3179 1321 3230 noster

87 3336 93 3347 Ι
119 3263 157 3351 ut
174 3252 397 3352 intercedente
423 3253 521 3316 beato
548 3254 711 3316 timotheo
740 3265 884 3336 martyre
905 3264 970 3316 tuo,
987 3256 1057 3317 eius
1073 3275 1204 3336 semper
1220 3255 1319 3336 parti·

119 3350 287 3421 cipatione
302 3360 463 3403 uiuamus.
481 3361 546 3423 per.

165 3492 302 3556 Eourir
328 3494 401 3557 Dru
426 3494 583 3557 Nurum:
607 3494 748 3559 Saucri
774 3494 1042 3559 Srur’nonmui
1069 3494 1275 3558 itinn-ms.

164 3594 433 3660 Sacratissimum
449 3598 585 3661 domine
596 3617 776 3679 quesumus
789 3598 894 3660 sancti
912 3598 1066 3678 martyris
1082 3598 1129 3660 tui
1147 3598 1319 3679 symphor-

121 3682 187 3745 iani
213 3684 302 3747 diem
328 3704 439 3747 annua
472 3684 720 3766 sollempnitate
747 3694 951 3746 uenerantes.
977 3684 1020 3745 ab
1050 3685 1139 3746 omni
1170 3696 1320 3747 creatura

121 3768 312 3845 tremendo†
332 3770 376 3833 ab
394 3772 484 3833 omni
503 3771 690 3833 humilitate
710 3768 926 3845 uenerandol
947 3771 1204 3833 misericordiam
1227 3782 1318 3834 tuam

120 3856 367 3937 depraecamur.
395 3867 431 3920 ut
456 3858 542 3920 sicut
568 3857 623 3919 ille
649 3867 721 3920 toto
748 3867 828 3919 uoto
856 3856 1057 3939 martyrum†
1083 3868 1116 3920 te
1140 3860 1321 3921 adiuuante

120 3944 272 4025 gaudens
302 3944 455 4025 suscepit.
486 3945 533 4007 ita
564 3964 623 4007 nos
654 3944 851 4024 temporalia
880 3945 1004 4023 gaudia
1034 3943 1260 4017 uoluntatem†
1286 3956 1320 4008 et

119 4039 290 4093 aeternam
307 4032 565 4094 misericordiam
582 4051 832 4112 consequamur.
848 4052 915 4113 per.

652 4150 789 4215 Secreta.

166 4248 261 4313 Deus
290 4250 347 4331 qui
376 4250 483 4313 sancti
514 4251 668 4333 martyris
700 4250 747 4312 tui
779 4249 1006 4331 symphoriani
1038 4250 1133 4312 nobis
1163 4250 1321 4333 suffragia

121 4336 253 4401 dedisti.
286 4337 331 4401 da
363 4337 460 4401 nobis
491 4348 529 4401 ut
561 4338 647 4400 illius
677 4338 878 4399 instruamur
908 4334 982 4400 fide.
1013 4338 1105 4399 cuius
1136 4339 1321 4418 patrocinio

121 4422 327 4487 adiuuamur.
349 4434 387 4489 ut
419 4426 500 4488 dum
525 4425 585 4490 tibi
613 4427 646 4487 in
673 4426 742 4486 eius
769 4423 1017 4506 sollempnitate
1041 4423 1185 4486 hostiam
1214 4426 1320 4489 laudis

120 4506 292 4575 offerimus
306 4509 519 4595 propietatisl
533 4522 611 4575 tuae
627 4511 746 4574 nostris
761 4510 930 4593 obsequiis
951 4510 1150 4593 placeamus.
1167 4533 1234 4595 per.
