3038 5106
534 356 647 405 MISSA
669 355 725 405 DE
746 354 961 407 SAPIENTIA.
1303 370 1352 422 ²43

686 530 824 596 Secreta.

196 644 335 708 Hostias
350 644 410 708 tibi
425 643 561 708 domine
585 643 691 707 laudis
707 642 883 707 offerimus.
900 643 1090 727 suppliciter
1105 644 1350 729 depraecantes.

149 741 187 795 ut
202 732 336 795 easdem
353 731 505 814 angelico
521 751 581 813 pro
597 730 692 793 nobis
709 731 947 795 interueniente
962 731 1127 813 suffragio.
1143 742 1177 797 et
1199 733 1350 815 placatus

151 819 302 901 accipias.
318 828 352 882 et
364 820 405 882 ad
424 817 564 881 salutem
578 827 725 881 nostram
742 818 915 900 prouenire
930 818 1102 881 concedas.
1118 839 1184 901 per.

653 955 850 1040 [Praefatio.
1208 958 1264 1041 [s0.
1284 962 1352 1038 176.

197 1068 247 1131 (D
279 1077 412 1131 aeterne
441 1067 531 1129 deus.
578 1066 740 1149 Quamuis
767 1068 855 1130 enim
887 1069 972 1131 illius
1002 1068 1152 1131 sublimis
1183 1069 1351 1150 angelicae

153 1153 357 1218 substantiae
373 1154 415 1216 sit
431 1153 594 1217 habitatio
609 1173 739 1235 semper
755 1154 786 1215 in
803 1155 910 1217 caelis.
927 1166 1058 1219 tuorum
1076 1166 1187 1219 tamen
1205 1155 1351 1219 fidelium

155 1240 335 1323 praesumit
351 1238 507 1303 affectum
524 1260 584 1322 pro
600 1250 658 1302 tua
685 1243 868 1304 reuerentia
893 1244 1077 1325 potestatis.
1092 1264 1152 1325 per
1173 1243 1254 1306 haec
1279 1244 1352 1324 piae

153 1327 341 1393 deuotionis
356 1326 472 1390 officia.
488 1327 658 1408 quoddam
677 1328 815 1390 retinere
831 1330 952 1410 pignus
975 1331 1007 1392 in
1031 1331 1125 1394 terris
1148 1330 1352 1393 adstantium

156 1416 188 1478 in
205 1424 385 1497 conspectu
401 1424 461 1477 tuo
477 1415 596 1495 iugiter
611 1415 836 1477 ministrorum
853 1437 911 1499 per
926 1417 1093 1480 christum.

610 1550 640 1612 A
646 1551 672 1613 d
678 1551 904 1633 corrpulendum.

201 1662 332 1746 Repleti
348 1662 484 1726 domine
506 1662 738 1726 benedictione
762 1663 895 1726 caelesti
923 1665 1114 1748 suppliciter
1130 1664 1354 1748 imploramus.

155 1759 191 1813 ut
220 1751 310 1832 quod
334 1750 440 1833 sragili
468 1749 694 1813 caelebramus
720 1750 838 1814 officio,
865 1761 1054 1815 sanctorum
1082 1751 1354 1833 archangelorum

155 1836 251 1901 nobis
266 1838 423 1920 prodesse
439 1837 621 1900 sentiamus
637 1837 770 1901 auxilio.
787 1858 845 1919 per
861 1838 1042 1903 dominum.

626 1973 654 2038 S
655 1984 734 2054 uper
741 1975 901 2055 populum.

202 2085 337 2150 Plebem
365 2097 457 2149 tuam
473 2105 653 2168 quesumus
669 2087 804 2149 domine
830 2098 989 2170 perpetua
1016 2090 1139 2171 pietate
1165 2087 1302 2151 custodi.
1321 2096 1356 2148 ut

157 2194 272 2238 secura
286 2194 417 2256 semper
432 2182 466 2236 et
482 2174 674 2236 necessariis
692 2175 814 2237 adiuta
841 2174 1002 2238 subsidiis.
1024 2177 1197 2257 spirituum
1225 2174 1356 2237 tibimet

158 2261 363 2344 placitorum.
394 2262 450 2343 pia
487 2280 618 2343 semper
654 2262 866 2324 ueneratione
904 2263 1052 2326 laetetur.
1090 2283 1148 2345 pcr
1183 2262 1357 2326 dominum

160 2357 318 2411 nostrum.

466 2554 758 2617 Missnnmurrn¹
828 2553 945 2614 Fama
970 2551 1054 2614 1111.

206 2683 297 2746 Deus
313 2683 369 2764 qui
392 2703 450 2764 per
466 2691 675 2745 coaeternam
700 2681 759 2744 tibi
783 2681 980 2763 sapientiam
1002 2681 1170 2744 hominem
1193 2701 1267 2742 cum
1293 2699 1358 2741 non

159 2780 248 2834 esset
263 2769 448 2832 condidisti.
465 2768 697 2851 perditumque
722 2768 974 2830 misericorditer
996 2778 1030 2830 et
1055 2767 1245 2830 mirabiliter
1262 2766 1360 2829 refor-

163 2858 268 2920 masti.
284 2866 416 2939 praesta
431 2875 610 2938 quesumus
635 2865 671 2918 ut
695 2855 812 2917 eadem
838 2864 972 2936 pectora
988 2863 1101 2918 nostra
1119 2865 1153 2917 te
1168 2850 1361 2936 inspirante²

161 2953 232 3007 tota
250 2953 359 3006 mente
374 2963 533 3006 amemus.
550 2950 584 3004 et
602 2942 644 3005 ad
661 2951 694 3004 te
710 2951 782 3004 toto
799 2941 897 3005 corde
912 2962 1089 3005 curramus.
1106 2962 1164 3023 per
1179 2940 1360 3003 dominum.

697 3077 832 3143 Secreta.

207 3182 438 3247 Sanctificetur
451 3202 631 3264 quesumus
658 3182 793 3245 domine
809 3183 890 3245 deus
915 3183 1011 3245 huius
1037 3183 1215 3246 oblationis
1242 3201 1361 3244 munus

161 3281 221 3334 tua
244 3280 442 3352 cooperante
469 3270 640 3351 sapientia.
666 3280 702 3332 ut
729 3269 788 3332 tibi
814 3270 943 3352 placere
971 3271 1075 3352 possit
1100 3271 1142 3332 ad
1171 3270 1311 3332 laudem.
1328 3278 1361 3329 et

163 3357 258 3422 nobis
274 3357 431 3440 proficere
447 3358 489 3420 ad
507 3355 657 3420 salutem.
674 3378 739 3439 per.

661 3488 857 3570 (Praefatio.
1194 3488 1250 3571 [s0.
1271 3488 1360 3567 176v.

208 3594 258 3656 (l)
275 3602 407 3655 aeterne
423 3593 512 3655 deus.
560 3590 626 3673 Qui
643 3594 690 3653 tui
707 3594 850 3655 nominis
874 3594 1086 3674 agnitionem.
1103 3603 1136 3656 ct
1152 3602 1229 3655 tuae
1245 3601 1355 3673 poten·

163 3680 231 3742 tiae
245 3679 383 3761 gloriam
401 3679 497 3741 nobis
513 3679 546 3741 in
563 3688 739 3742 coaeterna
758 3680 817 3742 tibi
841 3681 1004 3761 sapientia
1020 3678 1163 3742 reuelare
1176 3679 1307 3742 uoluisti
1325 3689 1360 3740 ut

163 3776 256 3829 tuam
279 3764 475 3830 confitentes
499 3765 715 3829 maiestatem.
732 3776 765 3829 et
788 3767 854 3829 tuis
881 3766 1041 3828 inhererc³
1057 3766 1224 3828 mandatis
1251 3775 1361 3828 tecum

164 3854 268 3917 uitam
284 3853 465 3915 habeamus
481 3862 650 3916 aeternam
667 3873 725 3934 per
741 3852 907 3916 christum.

685 3989 842 4066 Sacrani

211 4093 351 4156 lnsunde
366 4112 547 4176 quesumus
563 4093 698 4157 domine
714 4094 795 4156 deus
811 4115 869 4176 per
891 4093 972 4157 haec
991 4102 1107 4157 sancta
1122 4113 1208 4175 quae
1223 4094 1364 4175 sumpsi-

166 4200 247 4243 mus.
278 4191 354 4243 tuae
384 4178 538 4242 cordibus
564 4181 685 4242 nostris
725 4180 835 4243 lumen
868 4181 1049 4263 sapientiae
1079 4189 1115 4242 ut
1145 4189 1179 4244 te
1206 4182 1366 4243 ueraciter

164 4286 393 4350 agnoscamus
409 4275 443 4330 ct
460 4264 602 4330 fideliter
616 4267 801 4350 diligamus.
817 4288 877 4350 per
891 4266 1073 4330 dominum.

523 4387 531 4421 ¹
549 4392 585 4444 So
596 4395 652 4445 MS.
666 4394 705 4444 sor
716 4395 798 4446 Missa
808 4396 838 4445 da
848 4395 985 4460 Sapientia.

524 4454 537 4489 ¹
552 4460 602 4509 For
614 4460 656 4509 ins
678 4460 754 4509 ‘rante
764 4466 793 4510 tc.

525 4522 537 4555 ⁸
552 4525 602 4575 For
614 4526 626 4575 i
661 4532 761 4577 erentes.
