3038 5106
208 358 255 407 ¹40
547 346 691 399 MENSIS
705 346 853 398 DECIMI
866 346 980 398 FERIA
997 346 1067 398 IIII.

655 519 716 583 Ad
733 517 963 600 complendum.

251 631 380 695 Refecti
423 632 509 714 cybo
553 632 709 714 spiritalis
748 630 944 693 alimoniae.¹
978 629 1143 713 supplices
1193 639 1228 694 te
1271 630 1415 694 domine

208 721 455 802 depraecamur.
491 730 526 783 ut
560 720 658 782 huius
699 718 955 800 participatione
997 719 1153 799 mysterii.
1188 718 1313 781 doceas
1350 739 1415 781 nos

208 818 337 870 terrena
352 806 530 889 despicere.
546 818 580 869 et
595 826 707 869 amare
723 805 885 868 caelestia.
902 824 962 888 per
977 805 1158 868 dominum.

427 1008 623 1071 Domsrcn
650 1007 714 1071 111.
738 1021 788 1069 os
812 1005 1006 1071 Anusuru
1032 1007 1190 1070 Domni.

253 1137 379 1200 Aurem
403 1147 496 1199 tuam
520 1156 700 1218 quesumus
733 1135 868 1199 domine
894 1137 1045 1217 precibus
1070 1138 1191 1199 nostris
1217 1138 1415 1200 accomoda.

208 1236 241 1287 et
259 1226 380 1287 mentis
397 1236 530 1287 nostrae
547 1225 700 1286 tenebras
715 1224 823 1305 gratia
839 1231 916 1285 tuae
932 1223 1131 1287 uisitationis
1147 1223 1282 1287 illustra.
1299 1244 1369 1307 per.

744 1366 881 1430 Secreta.

256 1479 450 1541 Deuotionis
490 1488 620 1542 nostrae
657 1478 717 1541 tibi
755 1498 934 1560 quesumus
973 1479 1108 1541 domine
1145 1478 1254 1541 hostia
1291 1478 1417 1563 iugiter

208 1566 405 1629 immoletur.
423 1587 508 1647 quae
531 1576 564 1628 et
588 1586 680 1628 sacra
704 1575 842 1647 peragat
865 1566 1018 1629 instituta
1042 1567 1198 1648 mysterii.
1214 1576 1247 1629 et
1263 1566 1414 1630 salutare

208 1662 302 1715 tuum
319 1654 415 1716 nobis
433 1653 624 1716 mirabiliter
638 1662 801 1735 operetur.
817 1673 884 1735 per.

728 1788 908 1871 Praefatae.

253 1902 302 1964 d)
335 1922 394 1982 per
428 1901 585 1963 christum
620 1901 794 1964 dominum
829 1911 987 1964 nostrum.
1046 1900 1148 1965 Cuius
1181 1900 1413 1963 incarnatione

209 1987 297 2049 salus
323 1986 409 2050 sacta
447 2000 497 2050 est
534 1990 658 2051 mundi.
685 1998 718 2051 et
752 1988 906 2069 passione
942 1987 1127 2070 redemptio
1158 1997 1334 2069 procurata
1360 1998 1413 2052 cst

207 2073 351 2135 hominis
379 2075 547 2156 procreati.
597 2074 673 2156 lpse
698 2095 758 2137 nos
785 2095 966 2156 quesumus
990 2075 1032 2136 ad
1058 2085 1229 2138 aeternum
1248 2076 1413 2157 perducat

208 2163 400 2241 praemium.
424 2163 479 2243 qui
505 2162 643 2225 redemit
667 2162 709 2225 de
736 2162 881 2224 tenebris
905 2161 1116 2224 infernonrm.
1182 2160 1412 2242 Iustifieetque

209 2248 241 2309 in
265 2249 411 2310 aduentu
436 2251 590 2310 secundo.
614 2250 670 2330 qui
695 2269 755 2310 nos
779 2249 919 2311 redemit
942 2249 974 2310 in
999 2249 1115 2329 primo.
1162 2246 1329 2328 Quatinus
1349 2269 1412 2311 nos

208 2334 339 2395 amalis
363 2336 518 2397 omnibus
535 2335 621 2398 illius
645 2335 803 2399 defendat
827 2335 1021 2398 sublimitas.
1043 2336 1136 2398 cuius
1159 2355 1220 2397 nos
1242 2335 1287 2397 ad
1303 2335 1411 2399 uitam

208 2422 315 2483 erexit
331 2421 508 2484 humilitas.
526 2444 584 2505 per
600 2443 708 2504 quem.
1173 2424 1177 2431 ’

654 2556 716 2618 Ad
733 2556 959 2638 corrqtlendum.

254 2667 463 2742 inploramus
474 2669 609 2731 domine
626 2669 836 2732 clementiam
854 2678 955 2731 tuam.
973 2678 1009 2730 ut
1026 2669 1107 2731 haec
1123 2669 1236 2731 diuina
1252 2668 1413 2732 subsidia.

207 2776 226 2817 a
243 2756 330 2817 uitiis
347 2757 509 2837 expiatos,
527 2758 569 2817 ad
587 2754 670 2818 sesta
687 2777 747 2818 nos
763 2766 968 2839 praeparent.
985 2777 1044 2837 per
1058 2756 1231 2819 dominum
1248 2766 1412 2819 nostrum.

535 2951 734 3027 Msnsrsrst
750 2949 815 3025 X⁰t
839 2953 958 3016 Fanni
983 2953 1066 3016 1111.

252 3074 403 3158 lPraesta
419 3096 599 3157 quesumus
616 3077 827 3157 omnipotens
844 3077 926 3140 deus
941 3087 978 3140 ut
989 3076 1226 3158 redemptionis
1241 3075 1297 3158 [so.
1319 3094 1413 3141 100v.

208 3173 341 3224 nostrae
365 3175 504 3225 uentura
525 3163 755 3245 sollempnitas
777 3174 809 3226 et
832 3166 1014 3246 praesentis
1037 3165 1133 3226 nobis
1156 3167 1244 3226 uitae
1260 3165 1414 3228 subsidia

208 3250 364 3312 conferat.
380 3260 413 3312 ct
429 3262 561 3312 aeterne
578 3250 792 3313 beatitudinis
809 3252 954 3332 praemia
971 3252 1136 3334 largiatur.
1154 3272 1218 3332 per.

763 3388 855 3453 lilia.

252 3500 387 3562 Festina
412 3520 591 3580 quesumus
617 3501 752 3563 domine
777 3522 818 3563 ne
846 3501 1035 3564 tardaueris.
1062 3511 1094 3564 et
1120 3501 1282 3564 auxilium
1312 3502 1411 3564 nobis

207 3607 368 3668 supernae
406 3588 537 3649 uirtutis
569 3588 733 3668 impende.
772 3598 808 3651 ut
846 3591 1011 3651 aduentus
1047 3590 1093 3651 tui
1125 3588 1412 3651 consolationibus

207 3673 428 3736 subleuentur.
445 3676 500 3754 qui
520 3675 551 3735 in
569 3685 626 3736 tua
649 3675 772 3755 pietate
788 3675 968 3738 confidunt.
985 3696 1043 3757 per
1058 3674 1230 3738 dominum
1248 3685 1410 3738 nostrum.

737 3810 874 3875 Secreta.

249 3922 401 4004 Accepta
428 3922 488 3984 tibi
514 3921 580 3985 sint
606 3942 786 4002 quesumus
812 3924 955 3986 domine.
984 3933 1095 3986 nostra
1121 3922 1248 3985 ieiunia.
1273 3942 1360 4003 quae
1376 3934 1411 3985 et

205 4011 376 4092 expiando
406 4029 466 4071 nos
497 4019 554 4072 tua
584 4011 692 4089 gratia
729 4011 850 4091 dignos
884 4010 1037 4074 efficiant.
1068 4021 1101 4074 et
1132 4011 1173 4072 ad
1205 4010 1410 4091 sempiterna

205 4099 369 4179 promissa
391 4098 581 4179 perducant.
599 4117 666 4177 per.

725 4239 906 4318 Praesatth.

251 4351 299 4413 (l)
324 4371 382 4432 per
397 4349 556 4413 christum
580 4350 753 4413 dominum
779 4362 936 4414 nostrum.
982 4350 1091 4434 Quem
1109 4350 1215 4414 salute
1230 4349 1407 4413 hominum

206 4438 408 4499 nasciturum
424 4435 573 4519 gabrihel
597 4437 815 4520 archangelus
838 4438 1012 4501 nuntiauit.
1035 4438 1129 4520 uirgo
1152 4437 1255 4500 maria
1270 4437 1408 4519 spiritus

205 4526 311 4587 sancti
347 4524 581 4607 cooperatione
615 4525 776 4606 concepit.
844 4524 893 4590 Ut
927 4525 1017 4607 quod
1052 4524 1203 4607 angelica
1239 4524 1409 4589 nuntiauit
