3038 5106
219 368 266 405 100
525 357 579 406 AD
602 355 884 407 BAI’TIZANDUM
901 355 1109 409 INFIRMUM.

219 525 294 567 cum
313 506 441 569 uenerit
465 506 619 569 dominus
644 506 686 568 ad
713 506 846 588 nuptias
871 507 978 590 possis
1002 527 1172 571 occurrere
1198 508 1227 571 ei
1252 529 1422 573 unacum

219 594 342 654 sanctis
367 594 398 655 in
422 593 497 656 aula
519 591 688 668 caelestis†
703 594 735 656 in
752 594 857 657 uitam
873 603 1050 657 aeternam.
1067 614 1127 677 per
1148 596 1261 659 omnia
1283 597 1425 660 saecula

219 680 435 742 saeculorum.
481 701 588 743 amen.

261 765 310 828 Et
321 767 355 827 si
365 767 525 848 episcopus
539 768 631 829 adest
642 767 757 830 statim
780 767 972 850 confirmari
993 789 1066 830 eum
1092 778 1212 849 oportet
1233 769 1420 834 chrr'srrrate.

215 861 247 914 et
261 864 373 933 posteo
398 855 633 916 corrrrrrum'core
657 864 689 916 et
710 852 736 934 [¹
1001 854 1281 937 ]corrrmum'cetur
1306 870 1422 939 corpus

213 949 245 1001 et
257 939 447 1020 sangueinisl
466 941 594 1003 dormiri
605 962 627 1003 o
635 941 812 1021 presbitero
828 941 878 1003 ito
899 939 1029 1014 dicenst.

258 1026 389 1108 Corpus
405 1038 438 1090 et
454 1029 588 1109 sanguis
615 1029 740 1091 domini
770 1030 872 1091 nostri
905 1030 972 1091 iesu
1000 1029 1113 1093 christi
1138 1031 1306 1094 custodiat
1322 1041 1357 1094 te
1383 1035 1417 1095 in

213 1113 318 1177 uitam
342 1125 520 1178 aeternam.
566 1135 673 1178 amen.

623 1256 990 1340 postcommunionem.
1292 1259 1349 1342 [fu.
1367 1264 1412 1340 69

256 1358 479 1440 Omnipotens
495 1361 695 1441 sempiterne
710 1363 792 1423 deus
808 1361 863 1440 qui
881 1381 1073 1441 regenerare
1090 1361 1246 1443 dignatus
1268 1383 1304 1425 es
1328 1363 1420 1427 hunc

211 1445 371 1510 famulum
389 1457 482 1510 tuum
508 1448 552 1509 ill.
569 1468 613 1509 ex
638 1468 725 1528 aqua
752 1457 785 1509 et
809 1449 925 1529 spiritu
950 1457 1075 1511 sancto.
1091 1450 1213 1530 quique
1237 1450 1361 1512 dedisti
1389 1453 1419 1514 ei

209 1535 436 1596 remissionem
453 1536 602 1596 omnium
620 1543 839 1634 peccatorpm.
856 1534 1006 1596 tribue
978 1555 1007 1596 er
1024 1537 1201 1599 sanitatem
1218 1538 1416 1600 continuam

209 1621 250 1681 ad
283 1622 548 1703 cognoscendam
579 1621 801 1684 uniuersitatis
831 1630 908 1684 tuae
938 1622 1120 1686 ueritatem.
1151 1643 1210 1704 per
1238 1624 1418 1687 dominum

207 1718 365 1773 nostrum.

434 1888 582 1954 ORATIO
604 1904 655 1952 Al)
678 1902 947 1952 BAPTIZANDUM
971 1903 1177 1953 INFIRMUM.
1203 1860 1207 1871 Ι

252 2006 418 2069 lledelam
450 2016 542 2070 tuam
569 2007 728 2087 deprecor
758 2005 893 2067 domine
917 2014 1052 2068 sanctae
1081 2017 1176 2087 pater
1198 2009 1414 2090 omnipotens

205 2104 338 2156 aeterne
353 2096 434 2155 deus
450 2095 506 2175 qui
522 2094 678 2155 subuenis
695 2093 726 2153 in
744 2091 896 2174 periculis
918 2093 974 2172 qui
991 2102 1157 2174 temperas
1180 2093 1312 2176 flagella
1328 2097 1411 2160 dum

203 2180 362 2242 uerberas.
424 2181 473 2243 Te
503 2200 582 2261 ergo
613 2180 748 2242 domine
777 2177 942 2260 supplices
973 2179 1216 2261 depraecamur.
1248 2192 1286 2245 ut
1323 2183 1413 2246 hunc

203 2266 363 2329 famulum
391 2283 485 2330 tuum
514 2267 558 2329 ill.
584 2287 678 2328 eruas
705 2266 748 2328 ab
774 2264 835 2327 hac
853 2265 1071 2328 inualitudine
1096 2277 1215 2330 utnon
1238 2270 1412 2350 preualeat

202 2355 354 2416 inimicus
379 2374 482 2434 usque
508 2355 550 2416 ad
577 2355 677 2415 animi
705 2353 968 2433 temptationem.
984 2353 1069 2416 sicut
1093 2354 1125 2415 in
1151 2354 1206 2416 iob
1229 2358 1409 2420 terminum

202 2442 231 2503 ei
248 2462 343 2522 pone.
354 2461 398 2503 ne
414 2442 564 2503 inimicus
581 2442 623 2502 de
639 2441 750 2501 anima
773 2440 835 2501 ista
859 2439 928 2500 sine
945 2439 1173 2521 redemptione
1195 2442 1411 2524 baptismatis

201 2529 336 2609 incipiat
367 2527 577 2610 triumphare.
625 2526 731 2589 Differ
756 2526 891 2588 domine
917 2527 1047 2589 exitum
1075 2528 1190 2590 mortis
1205 2539 1239 2591 et
1261 2533 1408 2609 spatium

200 2616 289 2677 uitae
305 2616 458 2677 extende.
477 2615 593 2676 releua.
610 2634 709 2695 quem
726 2614 887 2695 perducas
897 2615 939 2675 ad
956 2614 1097 2695 gratiam
1111 2615 1267 2696 baptismi
1280 2618 1337 2680 tui.
1351 2640 1410 2701 per

199 2702 380 2763 dominum.

260 2836 442 2900 Benedictio
456 2858 537 2918 oque
552 2838 600 2899 od
612 2837 841 2918 boptr'sondum
858 2834 1035 2917 infirmum.
1080 2835 1259 2918 Postquam
1274 2860 1348 2903 erem

396 2925 620 2987 cotecr'eauerr's
635 2924 791 2986 benedices
805 2944 924 3004 aquom
938 2922 1022 2985 ltonc
1035 2921 1087 2986 leis
1102 2924 1215 2989 uerbis.

247 3037 411 3100 Exorcizo
442 3047 475 3099 te
505 3047 653 3099 creatura
683 3056 789 3117 aquae
816 3036 848 3098 in
876 3037 1010 3098 nomine
1042 3036 1167 3099 domini
1199 3039 1301 3101 nostri
1333 3040 1403 3104 iesu

200 3123 312 3185 christi
329 3123 386 3185 filii
402 3125 454 3186 dei
483 3133 516 3185 et
532 3124 636 3185 sancti
663 3125 804 3204 spiritus,
817 3122 844 3183 si
860 3124 948 3203 quod
975 3122 1182 3204 phantasma.
1199 3126 1226 3186 si
1251 3145 1317 3206 qua
1339 3129 1403 3190 uir-

199 3221 253 3272 tus
270 3211 400 3272 inimiei.
418 3212 443 3272 si
471 3231 538 3291 qua
562 3211 703 3272 incursio
727 3209 850 3271 diaboli
873 3210 1039 3271 eradicare
1063 3218 1095 3272 et
1119 3210 1265 3291 effugare
1280 3212 1324 3275 ab
1340 3216 1403 3278 hac

197 3307 346 3359 creatura
359 3317 471 3378 aquae.
484 3307 519 3359 ut
532 3296 590 3359 fiat
600 3296 673 3359 sons
686 3295 806 3358 saliens
817 3297 848 3357 in
860 3296 963 3358 uitam
976 3307 1153 3359 aeternam.
1178 3298 1308 3361 Etcum
1320 3300 1404 3382 bap·

195 3384 316 3446 tizatus
333 3384 428 3446 luerit
444 3384 496 3445 hic
510 3382 651 3445 famulus
667 3384 793 3445 domini
817 3382 873 3444 fiat
896 3382 1058 3463 templum
1076 3385 1128 3447 dei
1145 3385 1219 3446 uiui.
1238 3386 1270 3447 in
1288 3389 1402 3449 remis-

195 3472 323 3533 sionem
335 3472 483 3533 omnium
500 3472 762 3551 peccatorun1.in
775 3471 908 3531 nomine
923 3471 1050 3532 domini
1067 3472 1168 3533 nostri
1194 3473 1262 3534 iesu
1279 3473 1401 3537 christi.

193 3559 250 3638 qui
267 3569 424 3620 uenturus
440 3567 496 3619 est.

239 3645 411 3725 lBoptr'eas
425 3655 456 3707 et
469 3645 548 3706 linis
562 3665 633 3705 eum
649 3643 688 3706 de
702 3641 860 3715 clrrrsrrrot
875 3643 910 3705 in
925 3644 1054 3706 cerebro.
1252 3644 1307 3727 [ln.
1324 3648 1398 3729 69v.

240 3733 379 3813 Baptizo
395 3742 428 3794 te
445 3732 476 3793 in
494 3733 628 3793 nomine
645 3730 746 3812 patris
762 3740 796 3792 et
808 3729 865 3791 filii
881 3740 915 3792 et
930 3732 1064 3811 spiritus
1080 3732 1193 3794 sancti.

236 3819 353 3882 Postea
370 3819 479 3898 tangis
491 3839 563 3879 oum
579 3818 616 3880 de
631 3815 788 3890 clzrr'srrro†
803 3818 838 3878 in
853 3827 954 3897 caput.

241 3907 332 3968 Deus
362 3907 573 3986 omnipotens
603 3915 698 3986 pater
728 3904 855 3966 domini
886 3904 989 3966 nostri
1020 3905 1088 3967 iesu
1123 3905 1236 3968 christi
1265 3907 1322 3988 qui
1365 3918 1399 3971 te

191 3994 405 4073 regenerauit.
423 4001 461 4053 ot
473 4002 578 4071 supra.

234 4081 351 4142 Postea
365 4079 580 4143 comrrrum'cos
594 4099 665 4140 eum
681 4088 714 4141 et
725 4078 807 4140 dices
821 4078 996 4140 orationem
1011 4076 1101 4140 leone.

236 4166 459 4249 Omnipotens
483 4166 683 4247 sempiterne
710 4166 799 4229 deus.
825 4166 881 4248 qui
909 4184 1101 4246 regenerare
1126 4166 1282 4248 dignatus
1299 4187 1342 4230 es.
1360 4180 1397 4231 ut

185 4265 294 4335 supro.

225 4478 231 4507 ¹
249 4479 334 4527 About
345 4476 401 4526 hall
414 4492 429 4525 a
440 4476 490 4525 line
501 4475 530 4524 of
544 4475 585 4525 the
595 4475 700 4526 rubric
692 4492 714 4526 rs
730 4493 786 4527 now
803 4476 871 4542 quite
888 4476 1004 4541 illegible.
1042 4476 1167 4540 proban>
1179 4477 1221 4527 the
1234 4478 1316 4528 words
1328 4495 1393 4529 were

191 4546 238 4573 ‘⁴
223 4545 249 4595 ui
262 4544 393 4608 episcopus
404 4557 520 4608 praeseus
532 4557 582 4591 non
594 4540 694 4592 suerit.”
