3038 5106
495 368 607 419 rrrssr
631 368 687 419 ua
707 368 855 422 mucra
878 372 1011 421 urnam.
1078 347 1081 351 ’
1306 384 1355 439 ²45

599 544 665 609 Ad
680 544 905 626 complendum.

197 644 329 709 Adesto
344 665 524 727 quesumus
539 646 675 709 domine
690 646 772 708 deus
791 656 911 710 noster.
930 656 963 709 et
985 667 1069 728 quos
1091 658 1226 712 sanctae
1249 650 1354 713 crucis

153 732 268 796 laetari
291 732 397 796 secisti
421 733 553 795 honore.
577 733 647 795 eius
669 751 801 814 quoque
824 734 991 815 perpetuis
1020 733 1163 798 defende
1189 736 1351 800 subsidiis

154 840 212 902 per
226 820 400 883 dominum
417 835 575 883 nostrum.

710 923 801 985 Alia.

197 1021 305 1105 [Deus
321 1022 377 1104 qui
401 1043 461 1104 pro
484 1021 580 1084 nobis
604 1021 707 1085 filium
732 1032 825 1085 tuum
849 1024 952 1086 crucis
975 1025 1162 1107 patibulum
1185 1025 1241 1109 [so.
1264 1042 1346 1106 177v

154 1108 264 1173 subire
280 1110 420 1172 uoluisti.
438 1123 474 1172 ut
490 1110 613 1172 inimici
629 1109 760 1172 anobis
776 1110 960 1192 expelleres
983 1123 1192 1194 potestatem.
1208 1115 1355 1178 concede

154 1195 250 1259 nobis
274 1195 405 1258 samulis
435 1197 499 1259 tuis
523 1209 560 1260 ut
582 1197 709 1278 antiqui
733 1196 838 1259 hostis
869 1200 1129 1280 temptamentis.
1159 1209 1217 1263 tua
1247 1201 1353 1283 gratia

153 1294 349 1365 protegente
365 1284 516 1346 resistere
530 1284 708 1346 ualeamus
725 1304 784 1365 per
798 1285 951 1347 eundem.

712 1405 803 1467 Alia.

199 1504 387 1587 Qucsumus
404 1505 538 1567 domine
553 1504 636 1567 deus
652 1515 765 1567 noster
780 1515 816 1568 ut
832 1525 890 1587 per
906 1506 1066 1568 uexillum
1091 1517 1225 1569 sanctae
1248 1509 1353 1570 crucis

155 1590 214 1653 filii
232 1593 279 1655 tui
296 1593 338 1654 ad
355 1593 574 1654 conterendas
591 1592 854 1655 aduersariorum
872 1604 1059 1656 nostrorum
1076 1593 1220 1657 insidias.
1245 1614 1305 1657 nos
1321 1595 1353 1656 in

153 1689 231 1741 tuae
247 1680 462 1760 protectionis
478 1679 654 1742 securitate
670 1680 861 1742 constituas.
879 1700 944 1762 per.

709 1795 799 1859 Alia.

198 1894 403 1961 Sacrificium
435 1895 569 1958 domine
600 1897 689 1976 quod
721 1895 934 1958 immolamus
964 1896 1114 1979 placatus
1145 1897 1288 1960 intende.
1320 1907 1357 1961 ut

154 1982 197 2045 ab
212 1983 303 2046 omni
319 2001 380 2045 nos
396 1994 499 2045 exuat
515 1981 676 2045 bellorum
694 1983 849 2064 nequitia.
865 1995 899 2045 et
922 1983 1083 2046 uexillum
1100 1994 1235 2047 sanctae
1252 1985 1356 2047 crucis

153 2069 214 2132 filii
237 2070 284 2133 tui
308 2070 350 2131 ad
375 2070 595 2131 conterendas
618 2070 794 2151 potestatis
818 2069 971 2133 inimicae
994 2072 1130 2134 insidias
1154 2091 1214 2133 nos
1231 2073 1263 2133 in
1280 2081 1357 2135 tuae

156 2157 371 2239 protectionis
388 2157 564 2219 securitate
579 2157 769 2219 constituat.
785 2177 851 2238 per.

710 2276 801 2338 Alia.

199 2381 290 2444 Deus
305 2381 362 2463 qui
378 2401 437 2463 pcr
451 2400 581 2443 crucem
597 2389 631 2443 et
654 2380 849 2462 sanguinem
874 2380 1001 2442 domini
1025 2381 1128 2443 nostri
1152 2381 1220 2444 iesu
1245 2381 1356 2445 christi

154 2468 210 2531 filii
249 2467 297 2531 tui
336 2469 457 2530 dedisti
496 2488 612 2549 pacem
650 2467 841 2530 hominibus
879 2478 912 2529 et
950 2467 1140 2531 caelestium
1180 2468 1355 2549 collegium

152 2556 358 2637 gaudiorum.
375 2556 419 2617 da
431 2553 527 2617 nobis
543 2564 577 2618 et
587 2565 664 2617 tuae
676 2555 766 2637 pacis
779 2555 930 2617 ubertate
941 2555 1064 2637 repleri.
1081 2568 1114 2618 et
1130 2557 1172 2619 de
1188 2555 1357 2638 angelicae

154 2644 323 2705 societatis
339 2642 467 2704 unitate
482 2640 604 2704 laetari.
621 2662 680 2724 per
695 2641 846 2703 eundem.

386 2821 502 2886 Missa
526 2835 575 2883 na
599 2821 752 2884 Saucia
777 2821 914 2884 Mami.
939 2820 1118 2884 Snaunro

197 2932 352 2999 Concede
383 2953 443 2995 nos
466 2931 608 2995 famulos
631 2942 705 2994 tuos
728 2952 907 3013 quesumus
934 2932 1068 2996 domine
1091 2932 1174 2994 deus
1197 2944 1356 3015 perpetua

155 3022 275 3084 mentis
306 3031 339 3083 et
362 3021 508 3101 corporis
538 3020 681 3083 sanitate
697 3021 848 3101 gaudere.
866 3029 899 3081 et
922 3019 1065 3100 gloriosa
1092 3018 1209 3081 beatae
1234 3020 1355 3082 mariae

152 3128 284 3190 semper
314 3108 450 3188 uirginis
481 3107 722 3170 intercessione.
754 3128 774 3168 a
797 3107 962 3188 praesenti
990 3105 1120 3169 liberari
1150 3106 1294 3170 tristitia.
1320 3117 1354 3169 ct

154 3194 263 3258 sutura
278 3194 398 3277 perfrui
416 3194 549 3256 laetitia.
566 3213 632 3275 per.

686 3313 825 3377 Secreta.

201 3413 395 3476 lntercessio
418 3434 597 3495 quesumus
621 3414 756 3476 domine
779 3414 897 3476 beatae
921 3415 1043 3476 mariae
1066 3433 1198 3495 semper
1220 3412 1354 3493 uirginis

155 3520 292 3563 munera
322 3510 435 3563 nostra
465 3501 687 3563 commendet.
718 3520 843 3581 nosque
874 3501 906 3561 in
937 3502 1007 3563 eius
1037 3501 1249 3563 ueneratione
1279 3509 1355 3560 tuae

155 3587 320 3649 maiestati
337 3588 455 3650 reddat
470 3598 632 3669 acceptos.
650 3607 708 3668 per
724 3588 896 3649 dominum
914 3600 1071 3650 nostrum.

666 3714 847 3794 Praefatio.

197 3814 263 3897 lif>
287 3824 420 3877 aeterne
442 3814 532 3877 deus.
580 3813 673 3876 Licet
694 3815 782 3875 enim
811 3812 992 3887 castitatisl
1007 3813 1176 3895 uirginalis
1202 3812 1257 3895 [lo
1287 3816 1354 3891 178.

153 3902 213 3965 tibi
237 3903 279 3964 sit
302 3901 400 3965 ualde
423 3899 574 3963 amabilis
598 3910 711 3963 tamen
728 3901 783 3962 illa
806 3902 896 3963 omni
920 3901 1018 3963 laude
1033 3911 1128 3964 extat
1151 3900 1355 3982 dignissima.

152 4009 238 4071 quae
254 4009 320 4053 non
344 3988 465 4051 desinit
481 4008 552 4051 esse
575 3988 677 4070 uirgo.
701 3998 877 4070 postquam
898 3988 1096 4050 saluatorem
1120 3987 1258 4069 protulit
1281 3987 1355 4048 huic

155 4078 288 4140 mundo,
334 4074 411 4138 Non
428 4085 505 4138 sunt
528 4094 672 4156 namque
695 4085 844 4137 caeterae
868 4074 1020 4138 mulieres
1042 4085 1179 4137 eatenus
1202 4075 1355 4155 insignes.

154 4164 233 4245 quia
255 4162 345 4225 nulla
368 4182 481 4225 earum
512 4172 689 4244 postquam
716 4162 831 4242 genuit
862 4161 951 4223 lucra
974 4161 1172 4242 uirginitatis
1199 4162 1356 4243 possedit.

159 4250 267 4313 Huius
283 4251 382 4333 igitur
397 4249 565 4330 genitricis
581 4258 658 4312 tuae
675 4249 846 4330 praecibus
870 4249 1072 4310 adiuuemur.
1096 4249 1187 4310 cuius
1210 4267 1356 4310 commc-

156 4336 340 4400 moratione
370 4335 540 4399 laetamur.
586 4334 759 4399 Credimus
790 4355 933 4416 namque
963 4354 1037 4397 eam
1061 4335 1157 4397 nobis
1180 4335 1357 4416 impetrare

156 4443 253 4506 posse
282 4423 424 4487 salutem
455 4442 541 4504 quae
570 4423 686 4505 genuit
716 4442 827 4504 regem
858 4432 958 4503 atque
996 4422 1210 4485 sacerdotem.
1251 4422 1355 4483 iesum

154 4510 313 4574 christum
330 4510 505 4574 dominum
522 4520 681 4574 nostrum.
697 4528 798 4590 quem
816 4509 960 4571 laudant.
