3038 5106
442 380 470 431 V.
502 379 555 431 ID.
585 380 671 433 AUG.
704 380 775 433 UIG.
806 381 833 431 S.
864 378 1087 432 LAURENTII.
1320 392 1365 443 197

698 556 835 622 Secreta.

210 666 352 731 Munera
367 667 427 732 tibi
443 668 577 731 domine
594 677 726 732 nostrae
742 669 930 732 deuotionis
953 667 1131 731 offerimus.
1147 687 1233 749 quae
1247 678 1281 732 et
1304 690 1364 752 pro

161 764 297 818 tuorum
314 755 374 819 tibi
397 765 493 837 grata
514 756 581 819 sint
607 754 733 819 honore
760 766 949 819 sanctorum
975 765 1008 818 et
1029 755 1125 819 nobis
1149 756 1306 819 salutaria
1331 767 1364 821 te

163 842 343 905 miserante
360 842 547 906 reddantur.
565 862 624 925 per
638 843 823 905 dominum.

618 988 680 1051 Ad
690 988 913 1070 conpilendum.

210 1097 345 1161 Praesta
368 1098 463 1161 nobis
487 1098 622 1162 domine
637 1119 817 1182 quesumus
843 1098 1123 1162 intercedentibus
1148 1101 1270 1162 sanctis
1297 1101 1363 1164 tuis

161 1183 353 1284 felicissimo
382 1196 417 1248 et
446 1186 590 1268 agapito,
621 1196 658 1250 ut
683 1206 768 1268 quae
798 1206 854 1248 ore
883 1186 1115 1267 contingimus
1142 1206 1224 1267 pura
1251 1200 1363 1251 mente

163 1291 346 1353 capiamus.
362 1291 428 1353 per.

251 1465 316 1542 vit
341 1468 429 1531 Inus
453 1469 552 1532 Aue.
577 1468 734 1531 Nimia
762 1467 903 1532 Sancti
927 1467 1080 1530 nomn
1104 1467 1284 1531 Enscon.

208 1588 300 1651 Deus
316 1588 371 1670 qui
396 1610 431 1651 es
454 1597 585 1652 tuorum
609 1589 715 1670 gloria
738 1590 956 1652 sacerdotum.
973 1596 1105 1669 praesta
1120 1606 1301 1669 quesumus
1324 1597 1360 1650 ut

162 1676 270 1738 sancti
297 1674 492 1737 confessoris
523 1685 556 1738 et
586 1676 733 1757 episcopi
764 1676 812 1739 tui
834 1675 949 1739 donati
980 1675 1073 1737 cuius
1105 1673 1187 1737 lesta
1216 1676 1361 1756 gerimus

163 1764 346 1825 sentiamus
361 1762 533 1826 auxilium.
549 1782 608 1844 per
623 1763 795 1826 dominum
813 1772 971 1825 nostrum.

693 1891 831 1955 Secreta.

209 2004 342 2067 Praesta
357 2023 537 2085 quesumus
552 2003 688 2066 domine
714 2012 751 2066 ut
775 2003 947 2085 praecibus
970 2002 1076 2065 sancti
1100 2002 1297 2066 confessoris
1312 2004 1360 2065 tui

161 2099 196 2153 et
211 2090 356 2173 episcopi
371 2091 486 2154 donati
503 2110 602 2172 quem
619 2090 661 2153 ad
678 2089 809 2152 laudem
825 2090 966 2152 nominis
976 2089 1023 2152 tui
1036 2088 1153 2151 dicatis
1170 2091 1361 2153 muneribus

162 2176 372 2241 honoramus.
397 2178 472 2259 piae
496 2178 592 2241 nobis
608 2177 797 2241 deuotionis
825 2175 948 2239 fructus
969 2176 1147 2239 adcrescat.
1173 2197 1232 2258 per
1258 2179 1361 2241 domi-

162 2283 252 2328 num.

615 2384 678 2448 Ad
687 2384 912 2467 conqtlcndum.

207 2496 333 2561 Uotiua
353 2496 489 2560 domine
515 2499 604 2561 dona
630 2517 716 2579 quae
740 2517 800 2578 pro
826 2496 927 2560 beati¹
943 2504 976 2558 ct
1003 2495 1148 2578 episcopi
1171 2496 1219 2559 tui
1243 2496 1358 2559 donati

159 2582 406 2665 sollempnitate
430 2585 643 2666 percepimus.
660 2604 840 2666 quesumus
864 2595 900 2646 ut
925 2584 994 2647 eius
1021 2582 1200 2664 praecibus.
1217 2593 1250 2645 et
1267 2604 1358 2664 prae·

159 2668 328 2745 sentibus†
342 2671 432 2734 uitae
455 2671 551 2734 nobis
575 2672 704 2752 pariter.
720 2682 754 2735 et
782 2681 915 2749 aeterne
931 2669 1057 2734 tribuas
1076 2668 1224 2732 conferre
1252 2670 1358 2732 subsi-

160 2758 262 2822 dium.
280 2777 338 2839 per
352 2756 526 2821 dominum
543 2768 701 2822 nostrum.

246 2943 294 2993 v1.
319 2928 410 2993 Inus
434 2929 529 2994 Auo.
554 2928 710 2993 Nnmm:
734 2928 875 2993 Snucrr
901 2926 1057 2992 Cs'nmcr
1083 2926 1290 2989 Mnnrvnrs,

204 3050 311 3123 lDeus
345 3050 401 3131 qui
428 3071 487 3114 nos
516 3070 627 3113 annua
650 3050 747 3112 beati.
773 3049 893 3131 cyriaci
925 3047 1080 3128 martyris
1106 3047 1155 3108 tui
1182 3045 1239 3129 [so.
1267 3064 1355 3125 141v.

156 3137 406 3219 sollempnitate
439 3136 607 3200 laetificas.
633 3137 777 3199 concede
810 3135 982 3217 propitius.
1017 3144 1054 3196 ut
1084 3134 1176 3196 cuius
1202 3134 1355 3197 natalicia

154 3225 297 3289 colimus
312 3225 467 3287 uirtutem
479 3244 612 3306 quoque
628 3225 791 3305 passionis
807 3224 980 3285 imitemur.
997 3241 1062 3302 per.

689 3358 826 3422 Secreta.

202 3471 355 3554 Accepta
378 3472 421 3534 sit
448 3472 480 3534 in
506 3481 685 3554 conspectu
707 3482 765 3535 tuo
781 3471 916 3534 domine
941 3478 1052 3532 nostra
1075 3468 1219 3531 deuotio,
1235 3477 1267 3529 et
1283 3467 1353 3527 cius

155 3559 253 3709 nobip
266 3557 323 3659 fiat
339 3559 581 3641 supplicatione
596 3559 758 3621 salutaris.
769 3580 828 3640 pro
838 3559 931 3621 cuius
944 3556 1190 3638 sollempnitate
1200 3554 1352 3616 defertur.

154 3664 215 3727 per
254 3666 412 3709 ominum.

604 3765 666 3828 Ad
676 3764 901 3847 corrrplcndum.
966 3736 973 3749 .

201 3876 329 3971 Reseqti
354 3879 606 3960 participatione
631 3880 776 3943 muneris
802 3878 884 3942 sacri
908 3896 1088 3959 quesumus
1111 3875 1246 3939 domine
1271 3875 1352 3936 deus

155 3973 275 4027 noster.
292 3974 328 4028 ut
343 3965 436 4028 cuius
451 3967 620 4046 sequimur
634 3966 760 4030 cultum
778 3967 959 4028 sentiamus
975 3963 1139 4027 effectum.
1156 3982 1221 4043 per.

213 4162 245 4211 v.
271 4149 361 4214 Inus
385 4151 480 4215 Aue.
506 4152 659 4218 U1G1L1n
685 4153 825 4218 Snucm
851 4153 1066 4216 Lnunsurn
1092 4150 1296 4212 lllnnsrms.

200 4258 331 4325 Adesto
345 4262 481 4327 domine
504 4266 801 4347 supplicationibus
824 4266 993 4327 nostriset
1013 4263 1246 4325 intercessione
1261 4260 1350 4323 beati
1393 4269 1395 4273 ’

154 4344 307 4411 laurentii
327 4352 483 4431 martyris
506 4354 563 4415 tui.
581 4361 775 4435 perpetuam
796 4351 892 4415 nobis
913 4350 1170 4414 misericordiam
1187 4349 1352 4427 benignus

153 4434 299 4499 intende
318 4456 378 4519 per
391 4436 574 4501 dominum.

413 4550 423 4587 ¹
442 4556 591 4623 Cmscssm's
602 4557 693 4608 should
705 4558 828 4623 probably
839 4558 871 4607 be
882 4557 997 4622 supplied
1009 4556 1076 4606 here.
