3038 5106
228 368 273 420 ηε
487 358 514 408 ν.
545 356 633 409 non
663 358 745 408 nnn
774 357 863 409 ΝΑΤ.
893 358 922 408 s,
951 354 1170 409 mennatis

680 532 744 598 Ad
753 532 976 617 complendum.

271 645 399 709 Relecti
422 645 676 728 participatione
699 646 842 709 muneris
868 646 952 708 sacri
982 665 1163 726 quesumus
1186 645 1326 709 domine
1350 645 1438 708 deus

226 742 345 796 noster.
362 743 399 796 ut
414 733 506 796 cuius
522 734 721 815 exequimur
734 733 860 796 cultum
876 733 1058 796 sentiamus
1070 731 1233 796 eflectum.
1247 752 1309 814 per
1324 733 1436 795 domi-

227 841 306 883 num
323 830 481 883 nostrum.

358 1020 448 1083 Kar„
474 1021 560 1083 Mar.
585 1019 870 1083 Aeosrononuu
896 1019 1065 1081 Prummu
1089 1029 1136 1078 nr
1161 1017 1300 1083 Inconr.

271 1153 364 1216 Deus
386 1154 443 1235 qui
467 1173 527 1216 nos
550 1173 667 1216 annua.
692 1152 917 1235 apostolorum
942 1162 1074 1215 tuorum
1098 1152 1238 1236 philippi
1263 1161 1297 1214 et
1321 1151 1432 1215 iacobi

226 1240 473 1323 sollempnitate
490 1239 655 1303 laetificas.
666 1250 799 1322 praesta
821 1260 1001 1323 quesumus
1024 1250 1060 1302 ut
1083 1260 1223 1322 quorum
1239 1240 1433 1321 gaudemus

227 1329 359 1390 meritis.
377 1329 578 1391 instruamur
592 1326 765 1409 exemplis.
782 1347 847 1409 per.

760 1460 897 1523 Secreta.

270 1564 411 1627 Munera
420 1566 556 1628 domine
567 1585 652 1646 quae
665 1586 724 1647 pro
734 1565 961 1647 apostolorum
978 1575 1110 1627 tuorum
1123 1564 1263 1647 philippi
1274 1573 1308 1626 et
1321 1562 1431 1627 iacobi

225 1651 471 1734 sollempnitate
494 1651 672 1715 deferimus
695 1653 856 1734 propitius
878 1651 1016 1734 suscipe.
1038 1661 1071 1714 et
1095 1651 1182 1714 mala
1205 1651 1321 1714 omnia
1344 1671 1433 1732 quae

226 1758 392 1802 meremur
407 1748 528 1802 auerte.
544 1760 603 1821 per
618 1740 791 1801 dominum
808 1748 966 1802 nostrum.

735 1875 918 1953 Praefatio.

269 1987 319 2050 (D
335 1996 467 2050 aeterne
483 1987 573 2049 deus.
612 1986 678 2069 Qui
695 1987 889 2050 aecclesiam
906 1999 998 2049 tuam
1015 1988 1047 2049 in
1064 1986 1246 2069 apostolica
1256 1986 1430 2052 soliditate

224 2072 372 2136 firmasti.
419 2074 472 2135 De
487 2094 628 2154 quorum
645 2074 785 2155 collegio
800 2084 877 2136 sunt
901 2075 1018 2137 beatus
1041 2073 1209 2157 philippus
1232 2085 1267 2138 et
1289 2074 1430 2138 lacobus

223 2180 364 2241 quorum
389 2162 551 2242 passionis
574 2161 662 2223 diem
688 2160 808 2223 festum
832 2180 1034 2223 ueneramur.
1081 2161 1260 2225 Poscentes
1282 2171 1321 2226 ut
1344 2164 1431 2225 sicut

224 2267 338 2310 eorum
354 2249 513 2311 doctrinis
528 2248 726 2311 instruimur.
742 2249 788 2310 ita
803 2248 968 2329 exemplis
993 2248 1187 2312 muniamur.
1203 2259 1238 2311 et
1253 2250 1432 2331 praecibus

224 2334 427 2397 adiuuemur.
445 2356 503 2416 per
518 2334 676 2397 christum
693 2329 873 2398 dominum
883 2344 1041 2397 nostrum.

679 2471 742 2534 Ad
751 2471 977 2552 complendum.

269 2582 459 2665 Quesumus
484 2584 618 2646 domine
645 2584 842 2646 salutaribus
873 2583 989 2665 repleti
1015 2583 1188 2663 mysteriis.
1214 2593 1251 2646 ut
1281 2604 1428 2666 quorum

224 2671 420 2752 sollempnia
436 2671 669 2733 caelebramus.
682 2691 796 2733 eorum
807 2670 1012 2733 orationibus
1025 2670 1226 2733 adiuuemur.
1244 2691 1304 2753 per
1319 2672 1429 2735 domi-

225 2778 304 2821 num
322 2768 482 2820 nostrum.

225 2964 255 3011 v.
282 2951 378 3013 Nou.
404 2952 488 3013 Mar.
513 2952 668 3014 Names
686 2952 921 3016 Snucronun
940 2952 1175 3015 Anuxnnnm
1191 2966 1273 3017 cun
1294 2951 1432 3017 Socns.

270 3080 404 3141 Praesta
420 3101 601 3161 quesumus
615 3083 826 3164 omnipotens
846 3084 937 3145 deus,
953 3094 990 3145 ut
1011 3082 1268 3163 quisanetorum
1285 3091 1421 3146 tuorum

224 3165 405 3228 alexandri.
431 3170 541 3230 euenti
567 3179 599 3231 et
624 3169 770 3232 theodoli
797 3169 953 3232 natalicia
975 3169 1122 3232 colimus.
1141 3190 1161 3231 a
1176 3171 1304 3231 cunetis
1323 3170 1422 3232 malis

227 3250 489 3316 limminentibus
506 3276 619 3317 eorum
636 3256 924 3319 intercessionibus
940 3256 1123 3318 liberemur.
1139 3276 1205 3337 per.
1251 3255 1307 3338 [s0.
1328 3274 1424 3337 123v.

759 3392 897 3456 Secreta.

269 3502 377 3583 Super
392 3502 452 3565 has
467 3524 646 3585 quesumus
663 3505 796 3566 domine
812 3505 936 3568 hostias
947 3505 1134 3567 benedictio
1146 3505 1432 3587 copiosadescen·

225 3590 291 3652 dat.
307 3609 393 3670 quae
418 3600 451 3652 et
475 3590 771 3654 sanctificationem
797 3593 893 3653 nobis
923 3592 1103 3655 clementer
1132 3602 1296 3674 operetur.
1321 3604 1355 3656 et
1386 3594 1430 3656 de

226 3685 409 3758 martyrum
426 3697 486 3739 nos
502 3678 748 3760 sollempnitate
765 3677 926 3742 laetificet.
944 3700 1003 3760 per
1018 3680 1190 3741 dominum
1208 3689 1369 3743 nostrum.

679 3815 742 3877 Ad
751 3815 978 3896 complendum.

270 3924 399 3988 Reiecti
424 3926 677 4009 participatione
703 3929 846 3991 muneris
873 3928 955 3990 sacri
980 3948 1159 4009 quesumus
1184 3927 1321 3990 domine
1345 3928 1427 3990 deus

226 4023 346 4075 noster.
363 4021 400 4074 ut
414 4033 554 4094 quorum
571 4014 769 4096 exequimur
783 4015 917 4078 cultum.
935 4017 1117 4077 sentiamus
1133 4013 1301 4077 effectum.
1316 4035 1382 4097 per.

315 4212 452 4275 Eonmr
477 4214 550 4277 Dm
574 4215 731 4276 Names
756 4212 898 4278 Snucar
923 4215 1134 4278 qununms
1159 4212 1340 4276 Enscom.

269 4331 393 4396 Annue
409 4354 588 4416 quesumus
604 4335 739 4399 domine
754 4345 792 4399 ut
808 4336 925 4398 merita
940 4335 1000 4398 tibi
1023 4333 1146 4417 placita
1169 4333 1275 4396 sancti
1298 4330 1422 4396 conses-

225 4420 307 4482 soris
323 4421 372 4483 tui
387 4431 421 4484 et
436 4423 582 4504 episcopi
598 4423 759 4486 iuuenalis
773 4442 833 4505 pro
845 4423 999 4505 gregibus
1011 4442 1095 4504 quos
1105 4421 1233 4485 sincero
1245 4417 1423 4484 ministerio

226 4507 432 4588 gubernauit.
448 4510 607 4590 pietatem
624 4519 716 4573 tuam
731 4528 862 4592 semper
877 4505 1020 4582 exoret.†
1035 4529 1101 4591 per.
