3038 5106
427 350 544 401 HEBD.
576 350 645 401 IIII.
679 351 816 412 QUADR.
860 350 975 400 FEll'IA
1004 350 1073 400 IIII.
1322 364 1353 415 77

599 605 891 691 [Superpopulum.
1234 613 1287 694 [so
1307 633 1354 695 52.

195 712 495 797 Depraecationem
513 722 661 775 nostram
684 732 866 794 quesumus
889 710 1023 774 domine
1039 711 1202 795 benignus
1218 721 1352 784 exaudi.

151 811 185 864 et
199 801 323 882 quibus
338 799 547 883 supplicandi
563 810 712 882 praestas
736 797 900 861 affectum.
917 800 1025 862 tribue
1041 799 1241 866 defensionis
1257 809 1353 870 auxi-

151 887 243 951 lium.
260 907 320 970 per
334 888 517 952 dominum.

653 1106 771 1169 anrn
797 1105 861 1169 ΙΙΙ.

197 1246 320 1313 Sacrae
343 1245 439 1310 nobis
461 1245 597 1309 domine
619 1264 800 1328 quesumus
823 1241 1064 1306 obseruationis
1088 1243 1216 1311 ieiunia.
1232 1261 1265 1314 et
1281 1252 1355 1332 piae

153 1334 416 1398 conuersationis
453 1343 678 1415 augmentum.
710 1342 744 1394 et
774 1341 851 1395 tuae
887 1331 1130 1412 propitiationis
1160 1339 1354 1402 continuum

153 1430 323 1504 praestent
338 1421 508 1484 auxilium.
525 1440 591 1501 per.

692 1537 829 1603 Secreta.

202 1644 297 1708 Haec
328 1642 437 1706 hostia
466 1642 602 1706 domine
632 1662 812 1725 quesumus
842 1641 1000 1704 emundet
1026 1652 1139 1706 nostra
1169 1646 1297 1712 delicta.
1323 1660 1356 1714 et

155 1730 351 1796 sacrificium
382 1729 617 1807 celebrandum
648 1728 856 1792 subditorum
896 1728 955 1790 tibi
995 1749 1133 1811 corpora
1163 1746 1357 1819 mentesque

155 1816 347 1883 sanctificet.
368 1836 436 1899 per.

669 1927 850 2008 Praefatio.

201 2030 251 2095 (D
282 2037 416 2092 aeterne
441 2027 531 2090 deus.
587 2027 649 2090 Per
679 2026 897 2088 mediatorem
920 2026 973 2089 dei
999 2036 1032 2090 et
1056 2027 1226 2094 hominum
1252 2034 1356 2099 iesum

159 2115 316 2179 christum
338 2114 512 2178 dominum
536 2123 693 2176 nostrum.
740 2112 805 2195 Qui
832 2114 999 2176 mediante
1024 2114 1077 2177 die
1101 2115 1186 2179 festo
1208 2124 1357 2187 ascendit

159 2202 191 2267 iu
216 2201 392 2285 templum¹
419 2202 476 2283 qui
506 2200 549 2263 de
573 2200 666 2262 caelo
690 2199 862 2262 descendit
890 2202 1051 2263 mundum
1079 2202 1121 2264 ab
1152 2205 1357 2285 ignorantiae

159 2290 303 2354 tenebris
333 2288 480 2352 liberare.
524 2287 626 2352 Cuius
662 2287 840 2349 descensus
870 2307 974 2368 genus
1001 2288 1182 2353 humanum
1207 2294 1359 2360 doctrina

160 2377 294 2440 salutari
319 2375 458 2439 instruit.
487 2395 575 2437 mors
602 2395 622 2436 a
648 2382 808 2456 perpetua
831 2383 937 2437 morte
968 2376 1115 2439 redemit.
1136 2383 1286 2445 ascensio
1315 2387 1357 2448 ad

159 2462 314 2527 caelestia
343 2482 445 2543 regna
475 2461 632 2544 perducit.
679 2459 741 2522 Per
769 2480 868 2541 quem
900 2469 934 2522 te
963 2482 1093 2525 summe
1124 2476 1218 2545 pater
1252 2473 1358 2550 posci.

161 2569 241 2613 mus.
272 2558 310 2613 ut
340 2550 411 2612 eius
441 2548 649 2612 institutione
686 2547 795 2609 edocti
834 2546 984 2610 salutaris
1022 2551 1221 2631 parsimonie
1258 2558 1359 2621 deuo-

159 2637 248 2700 tione
262 2635 426 2720 purificati
442 2636 484 2698 ad
501 2644 559 2698 tua
569 2634 800 2717 perueniamus
817 2635 978 2715 promissa
994 2638 1105 2700 securi.
1122 2660 1181 2722 per
1195 2661 1304 2722 quem.

637 2783 698 2846 Ad
708 2783 934 2864 conplendmn.

205 2890 315 2953 Huius
332 2909 393 2952 nos
409 2887 543 2952 domine
560 2889 729 2971 perceptio
753 2890 950 2953 sacramenti
976 2893 1145 2957 mundeta
1161 2896 1306 2963 crimine.
1327 2912 1360 2965 et

164 2977 204 3041 ad
218 2976 376 3041 caelestia
391 2995 492 3058 regna
507 2975 675 3057 perducat.
692 2994 757 3056 per.

615 3110 723 3191 Super
742 3112 906 3193 pipulum.

205 3213 364 3277 Miserere
393 3210 529 3275 domine
565 3211 691 3292 populo
729 3220 795 3273 tuo.
826 3221 859 3274 et
890 3213 1054 3277 continuis
1092 3217 1361 3288 tribulationibus

166 3298 369 3364 laborantem
386 3298 547 3381 propitius
563 3299 723 3379 respirare
738 3299 892 3362 concede.
905 3320 964 3381 per
978 3302 1150 3366 dominum
1168 3319 1325 3375 nostrum.

652 3491 770 3554 Falern
789 3491 871 3554 IIII.

207 3622 316 3707 [Deus
331 3620 388 3704 qui
403 3629 438 3684 et
454 3618 548 3683 iustis
564 3620 712 3702 praemia
724 3620 915 3682 meritorum
927 3630 960 3683 et
971 3625 1198 3702 peccatoribus
1219 3628 1273 3711 [so
1290 3645 1360 3711 52v.

168 3730 223 3791 per
237 3710 395 3775 ieiunium
413 3708 543 3771 ueniam
561 3705 706 3788 praebes.
720 3707 871 3769 miserere
888 3709 1091 3789 supplicibus
1108 3714 1181 3775 tuis.
1200 3727 1236 3778 ut
1252 3730 1361 3783 reatus

168 3798 267 3861 nostri
293 3794 457 3859 consessio
488 3794 729 3875 indulgentiam
758 3793 867 3856 ualeat
892 3796 1059 3878 percipere
1083 3799 1286 3867 delictorum.
1303 3828 1362 3890 per

168 3884 338 3949 dominum
354 3892 513 3945 nostrum.

723 3982 814 4047 Alia.

209 4090 343 4155 Praesta
372 4108 553 4171 quesumus
579 4087 792 4172 omnipotens
822 4089 903 4151 deus
931 4101 967 4152 ut
991 4112 1073 4172 quos
1097 4093 1217 4160 ieiunia
1247 4101 1363 4165 uotiua

169 4179 340 4260 castigant.
371 4177 443 4259 ipsa
479 4196 611 4258 quoque
646 4176 782 4238 deuotio
818 4189 934 4240 sancta
972 4177 1133 4245 laetificet.
1160 4194 1195 4247 ut
1226 4191 1362 4251 terrenis

169 4263 339 4328 affectibus
368 4263 536 4347 mitigatis.
561 4261 687 4325 facilius
717 4262 871 4325 caelestia
897 4264 1073 4346 capiamus.
1105 4288 1164 4350 per
1189 4271 1362 4339 dominum

167 4362 322 4417 nostrum.

490 4524 498 4559 ¹
516 4528 598 4594 space
609 4526 653 4578 leli
664 4528 699 4593 by
709 4543 806 4578 erasure
817 4526 847 4578 ol
859 4544 874 4577 a
885 4528 932 4578 lew
944 4530 1034 4580 letters.
