3038 5106
413 346 463 399 ΙΝ
488 346 633 401 UIGIIIA
667 346 786 399 UNIUS
813 347 1068 399 CONFESSORIS.
1296 358 1343 414 235

662 528 817 612 [Secreta.
1178 527 1236 615 [so.
1256 533 1346 612 169v.

81 714 89 737 ⁸
187 641 263 710 Sint
285 642 345 708 tibi
367 642 504 707 domine
529 662 708 724 quesumus
732 644 835 705 nostri
861 662 998 705 munera
1021 650 1116 725 grata
1131 644 1250 707 ieiunii.
1266 646 1345 726 quia

141 739 222 795 tunc
251 730 369 793 eadem
400 731 434 792 in
459 739 649 794 sanctorum
674 740 807 793 tuorum
832 730 877 791 ill.
900 731 1003 812 digna
1028 733 1345 795 commemoratione

140 817 329 882 deserimus.
344 818 371 880 si
386 827 420 879 et
435 827 529 880 actus
544 816 674 879 illorum
691 827 813 898 pariter
827 815 1073 898 subsequamur.
1090 838 1156 900 per.

598 953 660 1015 Ad
670 953 897 1034 conplendum.

188 1066 328 1147 Protege
342 1064 477 1128 domine
493 1063 625 1145 plebem
642 1073 733 1126 tuam
746 1075 779 1127 et
791 1084 891 1146 quam
906 1074 1088 1146 martyrum
1104 1077 1236 1129 tuorum
1253 1067 1298 1131 ill.
1311 1077 1345 1131 et

143 1153 189 1216 ill.
205 1152 338 1215 assidua
361 1152 476 1215 tribuis
496 1150 675 1213 sestiuitate
690 1152 847 1213 deuotam
865 1152 924 1214 tibi
941 1173 1071 1235 semper
1094 1153 1251 1235 placitam
1275 1154 1343 1219 fieri

140 1239 313 1323 praecibus
329 1238 473 1301 concede
489 1237 657 1299 iustorum.
674 1259 733 1319 per
748 1239 920 1300 dominum
937 1250 1094 1303 nostrum.

361 1456 405 1519 ln
430 1456 589 1518 Nnnrue
614 1457 873 1557 Prurrnronnlr
899 1456 1130 1520 Mnsrrnunr.

186 1583 277 1647 Deus
288 1585 344 1666 qui
355 1605 417 1647 nos
428 1586 583 1648 concedis
593 1596 783 1648 sanctorum
796 1595 978 1665 martyrum
989 1596 1120 1647 tuorum
1132 1584 1177 1647 ill.
1189 1584 1343 1648 natalicia

142 1671 267 1822 colege:
286 1673 330 1772 da
346 1672 442 1735 nobis
458 1673 491 1735 in
507 1683 643 1735 aeterna
670 1672 795 1734 laetitia
819 1672 861 1733 de
876 1691 990 1734 eorum
1007 1673 1165 1736 societate
1191 1673 1343 1755 gaudere.

142 1778 201 1841 per
239 1778 397 1822 ominum.

678 1888 814 1949 Secreta.

185 2000 327 2063 Munera
341 1999 402 2063 tibi
419 2001 553 2064 dominc
576 2010 708 2063 nostrae
731 1999 918 2061 deuotionis
941 1997 1117 2061 offerimus
1134 2018 1219 2080 quae
1235 2008 1267 2061 et
1284 2018 1344 2079 pro

139 2096 272 2151 tuorum
288 2087 348 2150 tibi
365 2098 460 2168 grata
472 2089 538 2150 sint
554 2087 679 2150 honore
690 2088 858 2149 iustorum.
869 2096 903 2148 et
915 2086 1011 2148 nobis
1020 2085 1176 2148 salutaria
1186 2096 1219 2149 te
1232 2086 1344 2149 miser-

140 2184 219 2239 ante
234 2174 423 2238 reddantur.
440 2195 505 2256 per.

654 2293 835 2373 Praesatzb.

183 2408 233 2471 (θ
251 2415 384 2470 aeterne
399 2407 490 2470 deus.
535 2405 601 2488 Qui
618 2416 807 2468 sanctorum
825 2415 1006 2485 martyrum
1023 2414 1154 2468 tuorum
1170 2405 1225 2487 pia
1241 2414 1344 2468 certa·

140 2493 231 2556 mina
245 2493 289 2556 ad
305 2495 474 2577 copiosam
492 2494 644 2575 perducis
659 2494 840 2554 uictoriam.
857 2501 957 2573 atque
972 2501 1168 2573 perpetuum
1184 2492 1231 2553 eis
1247 2490 1344 2574 largi-

139 2580 183 2643 ris
199 2580 413 2662 triumphum.
426 2592 462 2644 ut
475 2579 652 2643 aecclesiae
668 2592 745 2642 tuae
755 2599 885 2660 semper
896 2580 963 2641 sint
973 2580 1175 2659 exemplum.
1209 2579 1345 2642 Praesta

139 2666 236 2731 nobis
251 2688 430 2749 quesumus
446 2678 482 2730 ut
498 2687 557 2749 per
571 2687 686 2729 eorum
703 2667 970 2728 intercessionem
986 2685 1125 2746 quorum
1143 2665 1227 2728 sesta
1240 2665 1344 2728 caele·

138 2752 282 2817 bramus.
297 2756 431 2837 pietatis
453 2765 530 2817 tuae
552 2773 687 2816 munera
713 2754 892 2834 capiamus.
909 2773 967 2833 per
989 2752 1147 2814 christum
1169 2753 1342 2816 dominum

139 2852 299 2905 nostrum.

595 2960 656 3023 Ad
666 2959 891 3042 complendum.

185 3073 320 3137 Praesta
335 3073 431 3136 nobis
455 3074 589 3136 domine
613 3092 794 3155 quesumus
819 3072 1097 3135 intercedentibus
1120 3072 1243 3134 sanctis
1267 3071 1341 3133 tuis.

139 3167 176 3223 ut
191 3161 281 3241 quod
297 3181 354 3223 ore
368 3161 599 3241 contingimus
616 3179 698 3242 pura
715 3169 825 3221 mente
842 3159 1021 3240 capiamus.
1038 3179 1104 3240 per.

416 3389 458 3452 Iu
487 3390 641 3454 U1urnrn
666 3389 790 3453 Uruus
814 3388 1075 3453 CoNl‘Essokls.

184 3517 239 3581 Da
264 3537 444 3600 quesumus
470 3520 683 3600 omnipotens
710 3519 792 3581 deus
823 3529 858 3581 ut
889 3517 976 3581 beati
1003 3518 1048 3580 ill.
1072 3517 1267 3580 confessoris
1293 3517 1342 3581 tui

138 3605 580 3774 qglqquqqrdgesrollempnitas.
596 3604 644 3688 let
661 3605 874 3668 deuotionem
886 3605 982 3668 nobis
997 3615 1117 3687 augeat
1127 3602 1187 3679 ad†
1203 3604 1258 3687 [so.
1274 3620 1342 3683 170.

677 3812 814 3876 Secreta.

182 3924 298 3991 Sancti
324 3926 372 3989 tui
398 3925 534 3989 domine
557 3945 737 4007 quesumus
764 3945 824 3986 nos
849 3925 971 4005 ubique
998 3922 1184 3986 laetificent.
1201 3933 1237 3985 ut
1262 3923 1342 3986 dum

137 4032 253 4076 eorum
284 4013 402 4075 merita
427 4012 611 4076 recolimus.
638 4009 840 4094 patrociniol
865 4013 1055 4075 sentiamus.
1080 4030 1139 4092 per
1169 4010 1342 4074 dominum

138 4110 298 4163 nostrum.

644 4218 827 4298 Praefatio.

182 4332 233 4395 (θ
249 4340 383 4395 aeterne
397 4332 488 4395 deus.
534 4330 579 4393 Et
593 4328 733 4412 gloriam
749 4340 841 4392 tuam
858 4329 994 4392 domine
1015 4326 1155 4411 profusis
1171 4326 1344 4410 praecibus

138 4436 288 4483 exorare.
309 4426 348 4482 ut
372 4418 479 4481 sancti
502 4416 547 4480 ill.
563 4414 760 4481 confessoris
786 4416 834 4479 tui
862 4413 1063 4499 patrocinio†
1090 4434 1150 4478 nos
1174 4413 1342 4478 adiuuent

139 4502 256 4571 debita
268 4504 395 4569 nomini
410 4514 471 4569 tuo
485 4504 644 4569 seruitute
655 4502 854 4586 placeamus.
870 4524 930 4586 per
944 4502 1112 4567 christum.
