3038 5106
547 321 663 371 FERLl
689 323 726 370 II.
752 322 801 371 ΙΝ
821 320 939 371 ALBIS.

611 526 713 607 Infra
726 528 889 591 actionem.

185 630 481 695 Communicantes
503 640 538 695 et
561 631 649 694 diem
666 633 926 695 sacratissimum
945 631 1169 695 caelebrantes
1193 653 1352 696 resurrec-

140 719 241 781 tionis
256 720 382 781 domini
399 720 453 782 dei
476 720 580 782 nostri
605 720 673 782 iesu
697 717 809 781 christi
833 720 1015 781 seeundum
1039 741 1179 782 carnem.
1227 722 1294 783 Sed
1318 730 1352 783 et

141 807 337 868 memoriam
348 816 552 869 uenerantes.
578 806 617 869 ln
631 806 745 887 primis
756 805 921 888 gloriosae
936 826 1067 889 semper
1079 808 1215 889 uirginis
1229 808 1352 870 mariae

140 893 310 975 genitricis
325 894 481 958 eiusdem.

738 1026 775 1066 en
789 1056 795 1067 .

190 1090 289 1155 Hanc
307 1092 407 1174 igitur
421 1092 634 1156 oblationem.
651 1102 689 1155 ut
701 1005 809 1174 diprh.

599 1220 662 1283 Ad
672 1220 897 1301 complendmn.

188 1322 349 1405 Spiritum
381 1324 426 1385 in¹
459 1322 554 1386 nobis
584 1324 719 1386 domine
749 1335 826 1387 tuae
854 1324 1005 1387 karitatis
1032 1325 1176 1389 infunde.
1204 1336 1240 1389 ut
1270 1346 1356 1409 quos

143 1412 360 1561 plaeramentis
376 1411 587 1493 paschalibus
603 1412 739 1473 satiasti.
756 1421 814 1474 tua
838 1410 937 1475 iacias
953 1414 1077 1494 pietate
1093 1416 1281 1476 concordes,
1297 1435 1356 1496 per

168 1516 326 1560 ommum.

596 1609 776 1672 Benedictio
789 1612 907 1675 carut's.

189 1712 282 1777 Deus
298 1714 470 1777 uniuersae
486 1712 601 1776 carnis.
618 1712 700 1776 deus
716 1714 772 1795 qui
790 1736 852 1776 noe
875 1726 909 1777 et
932 1714 1008 1777 filiis
1030 1716 1097 1778 suis
1112 1716 1155 1778 de
1171 1717 1305 1779 mundis
1323 1726 1356 1779 et

146 1800 314 1864 inmundis
348 1801 549 1864 animalibus
586 1812 765 1882 praecepta
803 1803 931 1864 dedisti.
963 1804 1085 1884 quique
1124 1805 1207 1866 sicut
1244 1804 1357 1865 holera

145 1888 320 1950 herbarum
337 1884 489 1950 humani¹
504 1889 617 1969 generi
641 1889 872 1969 quadrupedia
889 1890 1014 1951 munda
1030 1890 1127 1952 edere
1152 1892 1357 1972 praecepisti.

147 1976 203 2055 qui
218 1994 344 2057 agnum
362 1977 394 2036 in
405 1978 553 2057 aegypto
566 1976 673 2056 moysi
684 1985 718 2037 et
731 1975 856 2057 populo
869 1986 927 2037 tuo
940 1978 972 2037 in
987 1978 1099 2058 uigilia
1112 1978 1255 2058 paschae
1267 1999 1357 2040 com-

146 2062 243 2125 edere
265 2063 470 2144 praecepisti.
487 2063 519 2123 in
537 2060 671 2143 sugural
687 2063 813 2123 domini
832 2063 933 2124 nostri
958 2064 1025 2125 iesu
1043 2064 1267 2126 christicuius
1282 2086 1358 2127 san-

147 2146 651 2231 guinemtomniaprimogenita
662 2150 722 2212 tibi
733 2150 774 2212 dc
785 2152 911 2211 mundo
922 2150 1097 2213 redemisti.
1108 2162 1141 2213 et
1153 2153 1184 2213 in
1196 2164 1293 2214 nocte
1304 2152 1358 2214 illa

148 2254 245 2297 omne
267 2237 528 2317 primogenitum
550 2238 583 2297 in
605 2233 808 2316 aegyptum(
824 2238 1020 2317 percussisti.
1037 2258 1173 2299 seruans
1196 2239 1357 2320 populum

149 2330 240 2384 tuum
268 2323 346 2403 agni
377 2324 539 2404 sanguine
560 2334 801 2404 praenotatum.
824 2323 961 2404 dignare
987 2325 1122 2386 domine
1147 2327 1358 2406 omnipotens

149 2408 340 2471 benedicere
350 2420 382 2471 et
396 2409 601 2473 sanctificare
619 2410 679 2471 has
694 2429 817 2471 carnes
831 2420 867 2471 ut
882 2412 1083 2492 quicumque
1094 2433 1136 2472 ex
1149 2413 1280 2493 populis
1293 2413 1358 2475 tuis

151 2493 298 2559 fidelibus
314 2495 527 2559 comederint.
544 2497 635 2558 omni
653 2495 885 2559 benedictione
901 2497 1043 2560 caelesti.
1056 2509 1089 2560 et
1101 2501 1208 2580 gratia
1220 2500 1357 2561 saturati

150 2583 335 2665 repleantur
352 2585 385 2646 in
404 2584 507 2646 nobis
524 2603 697 2665 perquem
713 2582 796 2645 haec
812 2584 925 2645 omnia
941 2585 1086 2649 domine.

632 2695 695 2756 Ad
706 2705 880 2775 uesperum.

189 2798 345 2863 Concede
375 2819 557 2881 quesumus
582 2799 797 2880 omnipotens
827 2801 910 2863 deus
949 2809 984 2862 ut
1015 2801 1071 2882 qui
1111 2802 1357 2863 resurrectionis

146 2886 332 2949 dominicae
348 2886 546 2967 sollempnia
562 2884 711 2948 colimus.
728 2887 945 2949 irmouatione
962 2888 1009 2950 tui
1022 2889 1204 2971 spiritussa
1185 2887 1271 2969 a.[fo
1285 2906 1355 2967 μιν.

148 2984 251 3037 morte
266 2974 399 3036 animae
415 2992 635 3055 resurgamus.
651 2993 718 3055 per.

655 3086 844 3166 adfantes.

190 3189 324 3253 Praesta
353 3208 536 3270 quesumus
573 3188 786 3271 omnipotens
825 3190 906 3253 deus
940 3198 977 3251 ut
1014 3190 1070 3270 qui
1110 3192 1355 3252 resurrectionis

146 3276 331 3338 dominicae
358 3276 556 3357 sollempnia
571 3276 719 3339 colimus.
737 3277 915 3358 ereptionis
938 3287 1071 3339 nostrae
1086 3279 1251 3358 suscipere
1266 3278 1356 3340 laeti-

146 3364 227 3426 tiam
243 3382 438 3425 mereamur.
455 3383 520 3444 per.

542 3465 604 3527 Ad
612 3476 759 3528 saturum
774 3465 805 3527 A
812 3467 953 3530 ndream.

189 3568 324 3631 Praesta
338 3587 519 3667 quesumus
533 3570 747 3669 omnipotens
768 3571 857 3633 deus.
875 3581 911 3633 ut
937 3570 993 3652 qui
1009 3571 1151 3653 gratiam
1169 3572 1323 3633 dominic
1317 3594 1354 3633 re

145 3656 391 3719 resurrectionis
418 3656 625 3735 agnouimus
652 3656 712 3737 ipsi
740 3677 873 3737 quoque
900 3679 958 3738 per
987 3679 1135 3720 amorem
1171 3661 1304 3741 spiritus
1335 3684 1354 3721 ι

146 3754 250 3806 morte
265 3744 398 3806 animae
414 3762 632 3825 resurgamus,
649 3764 707 3825 per
722 3745 895 3807 dominum
913 3756 1070 3808 nostrum.

532 3930 652 3993 Furem
677 3929 720 3992 ΙΙ.
745 3943 785 3991 1u
810 3930 963 4007 Arnast

188 4042 281 4107 Deus
310 4042 368 4125 qui
398 4040 646 4124 sollempnitate
670 4040 825 4121 paschali.
850 4046 976 4106 mundo
1000 4046 1145 4107 remedia
1174 4046 1352 4109 contulisti.

144 4130 304 4213 populum
321 4142 416 4193 tuum
431 4149 612 4211 quesumus
627 4128 762 4189 domine
778 4128 911 4193 caelesti
935 4133 1024 4194 dono
1047 4154 1253 4214 prosequere.
1270 4147 1306 4195 ut
1322 4149 1353 4196 et

143 4216 324 4301 perlectam
350 4216 544 4279 libertatem.
569 4216 726 4297 consequi
754 4228 917 4281 mereatur
943 4219 1044 4282 etad
1072 4222 1175 4282 uitam
1204 4220 1353 4302 proficiat

140 4306 389 4389 sempiternam.
407 4323 472 4385 per.

274 4436 283 4473 ¹
299 4440 356 4493 The
366 4442 461 4491 word
447 4457 477 4489 m
487 4440 534 4491 has
543 4440 607 4491 been
613 4440 761 4516 expunged,
776 4443 889 4509 perhaps
902 4444 934 4509 by
946 4444 988 4495 the
999 4444 1126 4509 original
1115 4444 1201 4494 scribe.

273 4504 285 4539 ¹
300 4506 378 4557 Curre
393 4508 435 4557 ted
447 4516 474 4557 to
489 4506 708 4557 tumamoris.
