3038 5106
454 367 599 419 MENSIS
613 367 777 417 SEPTIMI
789 366 904 417 FERIA
927 367 970 416 VI.
1267 374 1314 426 133

629 541 813 621 Praefatio.

157 654 207 718 (D
233 664 367 717 aeterne
390 654 481 718 deus.
528 653 595 737 Qui
620 675 681 717 nos
706 654 782 717 ideo
805 651 952 715 collectis
967 661 1074 715 terrae
1090 648 1237 731 frugibus
1254 670 1311 731 per

105 740 347 804 abstinentiam
373 742 433 805 tibi
460 746 584 823 gratias
614 761 711 822 agere
739 741 880 804 uoluisti.
897 748 934 802 ut
958 760 1002 801 ex
1028 740 1100 820 ipso
1124 738 1312 800 deuotionis

107 846 232 909 genere
258 848 478 891 nosceremus.
517 849 583 891 non
624 828 705 891 haec
741 828 783 890 ad
820 826 1074 889 exuberantiam
1106 824 1311 905 corporalem

107 915 171 977 sed
194 915 237 978 ad
264 914 452 997 fragilitatis
481 917 758 978 sustentationem
784 935 845 975 nos
873 914 1064 995 percepisse.
1090 920 1127 974 ut
1153 911 1243 993 quod
1268 931 1312 973 ex

107 1000 164 1063 his
191 1004 320 1083 parcius
343 1023 555 1065 sumeremus.
582 1003 750 1083 egentium
783 1000 956 1084 proliceret
986 998 1161 1061 alimentis.
1208 998 1253 1060 Et
1276 1008 1313 1061 ut

109 1088 266 1151 salutaris
288 1090 464 1171 castigatio
495 1090 705 1152 mortalitatis
728 1089 937 1150 insolentiam
966 1087 1140 1167 mitigaret.
1157 1095 1190 1147 et
1207 1086 1313 1166 pictas

110 1174 278 1255 largitoris
305 1197 366 1238 nos
392 1187 470 1239 tuae
495 1176 691 1258 benignitati
716 1177 968 1237 commendatos
995 1174 1146 1235 efficeret.
1192 1172 1313 1253 Sicque

109 1262 209 1324 donis
239 1273 406 1325 uteremur
442 1264 648 1326 transitoriis
683 1273 719 1325 ut
750 1264 951 1325 disceremus
981 1260 1107 1323 inhiare
1138 1260 1315 1342 perpetuis.

112 1348 177 1412 Per
191 1348 350 1412 christum
367 1352 541 1414 dominum
558 1361 717 1413 nostrum.

566 1483 628 1546 Ad
638 1481 862 1564 complendum.

155 1592 334 1659 Sumentes
346 1594 482 1658 domine
494 1594 583 1657 dona
592 1595 747 1658 caelestia
756 1590 1148 1676 suppliciterdespraeca-
1161 1589 1230 1673 [fol.
1241 1607 1261 1668 9
1266 1604 1312 1669 5v.

113 1700 186 1743 mur
202 1692 239 1743 ut
254 1702 340 1763 quae
355 1682 472 1744 sedula
486 1683 644 1746 seruitute
660 1682 806 1744 donante
823 1694 855 1744 te
870 1681 1022 1762 gerimus.
1039 1680 1148 1761 dignis
1164 1678 1314 1740 sensibus

111 1780 171 1831 tuo
188 1787 324 1831 munere
339 1770 520 1850 capiamus.
536 1790 601 1851 per.

673 1896 765 1959 Alia

157 2000 290 2065 Adesto
323 2002 459 2064 domine
496 2000 700 2083 supplicibus
738 2000 803 2063 tuis
840 2008 874 2062 ct
911 2019 1005 2081 spem
1044 1999 1150 2061 tuam¹
1188 1998 1218 2059 in
1258 2006 1315 2059 tua

114 2088 337 2152 misericordia
363 2088 565 2151 collocantes
590 2098 680 2149 tuere
707 2088 877 2169 propitius
893 2097 931 2149 ut
956 2107 975 2148 a
1002 2097 1212 2168 peccatorum
1242 2084 1316 2145 labe

113 2176 273 2238 mundati.
303 2178 335 2238 in
369 2186 485 2238 sancta
514 2176 767 2237 conuersatione
798 2188 1022 2256 permaneant.
1054 2194 1113 2255 per
1142 2172 1314 2234 dominum

112 2273 273 2325 nostrum.

577 2448 696 2511 Fama
719 2446 854 2512 samu

157 2568 293 2633 Praesta
325 2590 503 2651 quesumus
528 2570 740 2650 omnipotens
766 2570 848 2631 deus
874 2577 910 2630 ut
933 2567 1180 2630 obseruationes
1207 2587 1316 2628 sacras

111 2676 225 2721 annua
239 2657 418 2721 deuotione
442 2657 630 2720 recolentes.
647 2666 680 2719 et
696 2676 832 2737 corpore
859 2655 918 2719 tibi
943 2655 1133 2736 placeamus
1148 2664 1181 2715 ct
1197 2666 1316 2717 mente.

113 2764 180 2827 per.

643 2862 781 2926 Secreta.

157 2963 310 3046 Accepta
334 2964 394 3027 tibi
418 2963 486 3026 sint
511 2962 646 3025 domine
668 2983 848 3042 quesumus
872 2962 974 3024 nostri
990 2960 1078 3023 dona
1097 2959 1215 3022 ieiunii.
1231 2980 1317 3040 quae

112 3060 147 3115 et
162 3050 335 3133 expiando
361 3071 422 3112 nos
449 3061 507 3113 tua
532 3051 639 3131 gratia
663 3050 783 3129 dignos
809 3049 962 3112 efficiant.
987 3060 1021 3112 ct
1046 3049 1087 3110 ad
1115 3047 1317 3128 sempiterna

113 3140 276 3221 promissa
293 3138 483 3220 perducant.
501 3156 559 3219 per
573 3137 747 3199 dominum
764 3146 921 3198 nostrum.

624 3272 805 3353 Praefatae.

157 3378 208 3442 (f)
239 3387 372 3439 aeterne
402 3377 493 3440 deus.
553 3374 619 3458 Qui
651 3376 738 3437 iusto
770 3376 891 3457 pioque
922 3374 1148 3437 moderamine
1185 3382 1218 3434 ct
1256 3392 1316 3453 pro

113 3464 260 3549 peccatis
290 3463 420 3546 flagella
451 3465 591 3545 inrogas.
621 3471 656 3524 et
686 3474 762 3543 post
793 3461 923 3543 flagella
953 3463 1084 3524 ueniam
1119 3460 1317 3541 propitiatus

113 3551 294 3615 condonas.
310 3562 344 3614 et
360 3559 570 3633 pcccatorum
587 3550 691 3611 uitam
708 3550 818 3631 potius
835 3550 950 3612 uolens
965 3569 1065 3630 quam
1083 3558 1233 3609 mortem.
1250 3566 1316 3606 non

112 3658 172 3701 eos
195 3638 238 3700 ad
269 3638 438 3701 interitum
476 3638 713 3719 condempnas.
745 3639 803 3700 sed
835 3647 871 3700 ut
901 3640 1106 3718 corrigantur
1144 3634 1316 3695 miseratus

112 3734 284 3807 expectas.
298 3744 358 3807 per
371 3726 538 3788 christum.

564 3844 628 3908 Ad
637 3844 861 3927 constandum.

158 3946 349 4031 Quesumus
370 3946 584 4030 omnipotens
599 3949 681 4011 deus
696 3958 733 4011 ut
748 3950 791 4011 de
807 3947 969 4030 perceptis
988 3946 1178 4009 muneribus
1194 3941 1317 4024 gratias

113 4034 314 4101 exhibentes
329 4033 490 4099 beneficia
505 4036 636 4119 potiora
652 4055 830 4098 sumamus.
848 4055 912 4116 per.

580 4168 689 4250 Super
695 4169 857 4248 populum.

162 4280 263 4345 Adsit
278 4279 416 4345 domine
429 4300 609 4363 quesumus
633 4281 825 4363 propitiatio
841 4290 897 4342 tua
913 4278 1038 4362 populo
1055 4278 1265 4360 supplicanti.
1281 4287 1318 4341 ut

115 4366 206 4450 quod
221 4378 256 4433 te
271 4368 455 4452 inspirante
469 4366 610 4433 fideliter
625 4367 763 4449 expetit.
774 4382 832 4431 tua
847 4367 964 4430 caeleri
981 4366 1132 4447 largitate
1148 4366 1318 4449 percipiat.

116 4474 183 4539 per.

637 4552 646 4589 ¹
664 4556 805 4609 Formam.
