3038 5106
468 352 584 403 FERIA
614 350 657 401 VI.
686 349 734 400 IN
754 348 986 401 PARASCEUE.

666 611 811 677 Oremus.

173 716 397 801 Omnipotens
412 718 612 799 sempiterne
627 720 709 779 deus
725 716 818 778 cuius
834 714 955 778 iudicio
970 713 1123 776 uniuersa
1141 711 1329 775 fundantur.

126 808 255 888 respice
270 806 432 888 propitius
447 806 489 867 ad
514 825 647 886 praeces
664 814 801 866 nostras.
817 812 849 865 et
864 802 1006 864 electum
1031 801 1125 863 nobis
1148 800 1330 861 antistitem

127 904 189 955 tua
213 894 336 975 pietate
361 912 527 955 conserua
554 901 590 952 ut
617 890 794 953 christiana
819 889 913 971 plebs
938 909 1023 969 quae
1048 889 1104 950 tali
1130 887 1333 968 gubernatur

127 990 264 1041 auctore
279 979 342 1042 sub
358 988 453 1042 tanto
468 978 624 1061 pontifice
639 977 843 1040 credulitatis
860 996 938 1038 suae
955 976 1079 1037 meritis
1090 985 1258 1056 augeatur.
1275 992 1333 1055 per

126 1067 311 1129 dominum.

174 1176 318 1242 Oremus
354 1185 388 1239 et
426 1197 486 1259 pro
515 1177 670 1238 omnibus
700 1176 872 1257 episcopis.
904 1173 1100 1256 presbiteris.
1131 1171 1333 1236 diaconibus.

128 1264 394 1327 subdiaconibus.
421 1263 576 1326 accolitis.
602 1264 783 1325 exorcistis.
811 1262 994 1324 lectoribus.
1011 1261 1183 1323 hostiariis
1207 1258 1331 1321 conses-

131 1352 270 1415 soribus.
286 1352 477 1433 uirginibus
494 1352 611 1414 uiduis
635 1361 668 1414 et
694 1371 753 1432 pro
772 1350 863 1411 omni
879 1349 1004 1431 populo
1027 1360 1142 1411 sancto
1157 1348 1220 1410 dei.

668 1482 813 1546 Oremus.

176 1596 400 1679 Omnipotens
436 1596 637 1677 sempiterne
674 1596 755 1658 deus
792 1594 885 1656 cuius
922 1595 1037 1675 spiritu
1076 1604 1183 1657 totum
1214 1610 1334 1672 corpus

132 1684 311 1747 aecclesiae
348 1682 573 1746 sanctificatur
609 1693 641 1744 ct
680 1684 810 1762 regitur.
841 1683 965 1744 exaudi
997 1703 1056 1743 nos
1086 1703 1146 1764 pro
1172 1678 1334 1741 uniuersis

131 1772 302 1834 ordinibus
317 1770 549 1851 supplicantes.
566 1780 602 1832 ut
624 1771 750 1850 gratiae
773 1779 850 1830 tuae
874 1789 1008 1831 munere
1031 1769 1074 1831 ab
1095 1767 1250 1831 omnibus
1273 1765 1333 1828 tibi

131 1859 289 1940 gradibus
305 1857 445 1920 fideliter
460 1858 630 1919 seruiatur.
646 1877 703 1938 per
718 1856 891 1918 dominum
909 1868 1067 1919 nostrum.

175 1969 319 2035 Oremus
334 1980 368 2032 et
383 1990 443 2051 pro
458 1968 731 2031 christianissimo
746 1970 945 2052 imperatore
961 1978 1074 2030 nostro
1090 1968 1133 2030 ill.
1151 1977 1187 2031 ut
1203 1969 1285 2031 deus
1300 1974 1334 2029 et

132 2057 287 2120 dominus
304 2068 415 2119 noster
429 2057 580 2119 subditas
604 2055 649 2116 illi
675 2054 775 2118 saciat
799 2075 916 2119 omnes
942 2054 1098 2118 barbaras
1123 2056 1274 2117 nationes
1290 2053 1332 2116 ad

133 2153 279 2207 nostram
297 2154 491 2226 perpetuam
508 2162 634 2225 pacem.
1111 2158 1113 2162 ’

669 2256 813 2322 Oremus

176 2345 399 2429 Omnipotens
422 2345 622 2428 sempiterne
651 2346 733 2407 deus
765 2347 796 2407 in
828 2346 920 2407 cuius
952 2366 1051 2408 manu
1083 2352 1159 2407 sunt
1182 2343 1332 2406 omnium

133 2445 315 2517 potestates
352 2444 385 2495 et
423 2433 571 2495 omnium
610 2433 680 2495 iura
711 2452 894 2514 regnorum.
932 2432 1072 2516 [respice
1102 2432 1144 2493 ad
1176 2430 1231 2512 [to.
1262 2431 1335 2496 60v.

131 2521 303 2603 anglorum
335 2520 497 2601 benignus
528 2520 709 2600 imperium.
736 2529 772 2582 ut
801 2532 917 2601 gentes
942 2541 1026 2600 quae
1052 2522 1082 2580 in
1115 2539 1175 2579 sua
1206 2518 1335 2579 scritate

133 2608 311 2670 confidunt.
325 2610 495 2689 potentiae
511 2617 587 2668 tuae
602 2607 744 2668 dextera
759 2607 1028 2688 comprimantur.
1041 2626 1099 2687 per
1114 2606 1296 2667 dominum.

177 2718 320 2783 Oremus
335 2729 369 2782 et
385 2738 445 2800 pro
461 2718 667 2780 caticuminis
684 2719 810 2780 nostris.
828 2727 864 2780 ut
887 2718 969 2781 deus
992 2726 1026 2780 et
1048 2718 1203 2779 dominus
1222 2726 1334 2778 noster

133 2805 303 2888 adaperiat
320 2826 414 2868 aures
431 2806 677 2887 pracordiorum
694 2806 848 2886 ipsorum.
865 2806 1064 2885 ianuamque
1082 2803 1333 2867 misericordiae.

133 2906 170 2957 ut
207 2912 266 2975 per
303 2892 469 2955 lauacrum
502 2893 757 2973 regenerationis
787 2904 924 2974 accepta
954 2893 1146 2954 remissione
1183 2892 1333 2952 omnium

134 2990 353 3061 peccatorum.
399 2990 433 3042 et
478 2980 539 3061 ipsi
594 2980 804 3041 inueniantur
847 2981 881 3041 in
926 2979 1049 3042 christu
1089 2980 1158 3041 iesu
1196 2978 1333 3040 domino

133 3077 255 3131 nostro.

657 3165 802 3230 Oremus.

176 3276 401 3359 Omnipotens
430 3278 630 3359 sempiterne
667 3279 756 3340 deus.
794 3277 849 3359 qui
888 3278 1080 3341 aecclesiam
1123 3288 1214 3340 tuam
1247 3296 1335 3339 noua

132 3384 264 3448 semper
289 3363 381 3447 prole
407 3365 572 3428 secundas.
596 3385 681 3447 auge
711 3364 811 3428 fidem
838 3374 871 3428 et
897 3365 1101 3428 intellectum
1126 3365 1334 3428 caticuminis

132 3454 260 3515 nostris.
283 3462 320 3515 ut
343 3454 447 3515 renati
470 3451 561 3515 sonte
584 3452 795 3534 baptismatis
821 3453 1011 3534 adoptionis
1036 3464 1112 3515 tuae
1129 3452 1203 3514 filiis
1218 3453 1336 3533 adgre-

131 3550 259 3621 gentur.
276 3558 341 3621 per.

177 3660 329 3725 Oremus.
365 3662 569 3725 dilectissimi
608 3662 711 3726 nobis.
748 3663 847 3725 deum
894 3675 1022 3745 patrem
1067 3664 1333 3745 omnipotentem

133 3758 171 3813 ut
200 3750 327 3811 cunctis
358 3750 519 3811 mundum
551 3759 669 3832 purget
694 3752 865 3813 erroribus.
891 3751 1024 3813 morbos
1049 3752 1183 3814 auferat.
1212 3750 1333 3813 famem

133 3836 288 3917 depellat
326 3838 451 3918 aperiat
495 3857 650 3900 carceres.
689 3837 796 3900 uincla
840 3838 1010 3901 dissoluat.
1048 3839 1334 3920 peregrinantibus

135 3924 289 4073 regitpm.
313 3922 555 3986 infirmantibus
585 3925 771 3987 sanitatem.
794 3926 1030 4007 nauigantibus
1060 3938 1193 4008 portum
1217 3926 1334 3987 salutis

132 4029 166 4073 m
193 4022 313 4093 ugeat.

670 4123 815 4188 Oremus.

176 4245 401 4329 Omnipotens
411 4248 612 4331 sempiterne
626 4248 707 4311 deus
718 4259 899 4312 mestorum
912 4250 1102 4313 consolatio,
1114 4250 1334 4313 laborantium

132 4332 302 4398 fortitudo.
321 4335 517 4417 perueniant
539 4334 583 4398 ad
607 4343 640 4398 te
664 4355 798 4418 praeces
822 4336 865 4399 de
888 4358 1097 4420 quacumque
1124 4338 1336 4401 tribulatione

132 4420 358 4483 clamantium.
373 4430 411 4485 ut
425 4440 541 4484 omnes
563 4422 625 4485 sibi
650 4423 682 4485 in
708 4424 959 4488 necessitatibus
985 4426 1051 4489 suis
1076 4426 1334 4489 misericordiam

131 4520 226 4573 tuam
241 4508 412 4591 gaudeant
425 4507 577 4573 adfuisse.
594 4529 652 4591 per
665 4510 849 4576 dominum.
