3038 5106
151 338 198 389 190
431 326 506 376 VIII.
532 324 621 375 ΚΑΛ
648 323 735 376 Auo.
766 322 854 373 ΝΑΤ.
883 322 911 373 S.
940 322 1079 373 IACOBI.

659 500 840 579 Praefatio.

193 616 243 678 (l)
260 625 393 677 aeterne
408 615 498 678 deus.
530 615 653 676 Beatae
669 612 826 695 praxedis
841 610 995 674 natalicia
1007 611 1228 692 geminantes.
1271 610 1360 675 Uere

149 702 236 764 enim
253 702 448 764 honoranda
463 712 513 764 est
529 702 608 764 dies.
624 720 710 782 quae
733 700 779 761 sic
803 709 932 761 terrena
955 699 1170 780 generatione
1194 699 1359 780 processit

151 799 188 851 ut
203 789 245 850 ad
262 788 419 850 diuinitas
435 785 619 862 consortio†
634 787 831 869 perueniret.
848 806 907 868 per
921 784 1089 848 christum.

606 941 636 1003 Α
640 939 667 1002 d
677 928 902 1021 complendum.

197 1054 302 1117 Prosit
319 1053 406 1136 plebi
423 1065 500 1117 tuae
512 1053 725 1135 omnipotens
736 1053 819 1115 deus
829 1051 947 1114 beatae
957 1051 1093 1132 uirginis
1105 1062 1184 1114 tuae
1197 1054 1364 1129 praxedis

152 1144 339 1205 ueneranda
356 1141 527 1203 festiuitas.
545 1151 580 1204 ut
596 1141 689 1203 cuius
705 1141 828 1220 gaudet
845 1139 1364 1220 honoribusprotegamurauxi·

149 1228 475 1310 mpmmmmm

195 1462 244 1545 lx.
269 1462 360 1525 Knr..
387 1462 480 1526 Auo.
507 1461 667 1610 anauhq
687 1460 828 1525 Snucm
855 1464 1123 1524 Aeouuounms
1148 1457 1326 1545 [so.136v.

672 1561 840 1611 tiuarms,

199 1677 420 1742 Clementiam
438 1688 529 1740 tuam
546 1697 726 1759 quesumus
742 1676 954 1757 omnipotens
969 1677 1059 1739 deus.
1076 1685 1112 1739 ut
1128 1676 1366 1740 intercedente

156 1786 215 1846 pro
232 1765 326 1826 nobis
343 1765 442 1827 beato
458 1765 672 1846 appollonare
689 1773 834 1843 martyre
857 1772 915 1826 tuo
931 1772 1031 1845 atque
1047 1761 1207 1844 pontifice
1223 1765 1363 1826 ueniam

154 1852 304 1914 omnium
321 1853 478 1932 consequi
496 1871 681 1913 mereamur
696 1851 925 1932 peccaminum
942 1860 974 1912 et
990 1851 1094 1913 uitam
1111 1870 1231 1933 capere
1247 1850 1364 1914 ualea-

156 1959 230 2001 mus
245 1949 423 2000 aeternam.
441 1959 498 2020 per
513 1939 695 2000 dominum.

688 2090 825 2153 Secreta.

202 2202 340 2265 Hostias
357 2203 415 2265 tibi
432 2203 567 2264 domine
593 2222 652 2283 pro
677 2202 993 2265 commemoratione
1019 2202 1106 2265 beati
1130 2202 1360 2284 appollonaris

158 2289 311 2370 martyris
327 2291 374 2352 tui
391 2298 492 2370 atque
518 2287 692 2371 pontificis.
717 2288 887 2351 offerimus
911 2288 1104 2371 suppliciter
1127 2289 1358 2371 deprecantes.

157 2386 194 2438 ut
210 2377 295 2439 sicut
308 2374 378 2448 illel
395 2377 574 2456 praebuisti
591 2396 683 2454 sacre
699 2376 774 2437 fidei
791 2375 975 2438 claritatem
1000 2377 1046 2438 sic
1070 2376 1165 2438 nobis
1181 2375 1354 2459 indulgen·

158 2464 237 2525 tiam
256 2463 402 2544 largiaris
418 2474 450 2525 et
468 2483 593 2544 pacem.
610 2484 668 2544 per
680 2463 853 2526 dominum
870 2473 1029 2525 nostrum.

604 2617 633 2677 A
639 2617 666 2678 d
683 2616 908 2697 complendum.

203 2729 251 2792 Ut
279 2729 374 2789 nobis
398 2730 533 2791 domine
561 2739 619 2790 tua
643 2727 802 2790 sacrificia
827 2729 907 2790 dent
932 2727 1072 2791 salutem
1097 2729 1214 2791 beatus
1231 2740 1359 2811 martyr

158 2825 234 2878 tuus
251 2815 473 2896 appollonaris
498 2826 598 2896 atque
622 2815 781 2897 pontifex.
807 2836 987 2896 quesumus
1015 2826 1186 2898 praecator
1210 2819 1358 2880 accedat.

158 2923 215 2984 per
231 2903 403 2963 dominum
421 2914 580 2964 nostrum.

237 3156 313 3204 vm.
338 3142 428 3205 KAL.
453 3142 548 3205 Auc.
574 3142 730 3204 Narnia
754 3141 894 3206 Snucm
921 3143 1045 3205 lacum
1070 3143 1270 3207 Aeosroci.

205 3270 288 3332 Esto
303 3271 437 3332 domine
454 3271 540 3351 plebi
559 3280 635 3332 tuae
651 3270 873 3333 sanctificator
888 3281 921 3333 et
937 3282 1056 3334 custos,
1082 3283 1118 3335 ut
1142 3271 1285 3354 apostoli
1309 3274 1360 3334 tui

162 3357 265 3419 iacobi
284 3358 411 3419 munita
427 3357 606 3439 praesidiis.
623 3368 656 3419 et
673 3359 923 3421 conuersatione
949 3360 1007 3421 tibi
1034 3359 1162 3439 placcat
1187 3370 1220 3422 et
1244 3380 1362 3422 secura

159 3445 332 3508 deseruiat.
349 3465 406 3525 per
421 3446 604 3507 dominum.

682 3578 818 3642 Secreta.

207 3681 404 3746 Oblationes
429 3688 542 3768 populi
568 3690 615 3752 tui
643 3691 777 3753 domine
807 3711 996 3773 quesumus
1021 3690 1108 3752 beati
1139 3690 1282 3773 apostoli
1313 3692 1361 3753 tui

164 3770 269 3830 iacobi
301 3772 410 3850 passio
442 3773 540 3837 beata
570 3778 730 3841 conciliet.
758 3790 791 3842 et
819 3799 905 3859 quae
936 3779 1055 3840 nostris
1086 3798 1151 3839 nou
1179 3788 1259 3858 apta
1282 3790 1363 3840 sunt

164 3856 287 4005 mertitis
327 3856 408 3920 fiant
454 3862 513 3923 tibi
553 3864 674 3944 placita
712 3866 781 3928 eius
819 3865 1050 3949 postulatione.
1090 3885 1147 3946 per
1184 3866 1359 3928 dominum

164 3963 223 4004 nos
241 3963 321 4005 rum.

670 4087 850 4167 praefatu.

210 4194 258 4256 (D
283 4205 415 4258 aeterne
430 4196 520 4260 deus
567 4198 655 4281 Quia
672 4199 747 4262 licet
764 4201 858 4262 nobis
885 4219 1015 4280 semper
1040 4200 1180 4262 salutem
1198 4212 1362 4283 operetur.

166 4280 269 4342 diuini
286 4281 485 4347 caelebratio
500 4288 697 4349 sacramenti
714 4287 909 4369 propensius
922 4296 1033 4349 tamen
1051 4287 1144 4349 nobis
1161 4286 1362 4350 confidimus

166 4367 382 4448 profuturam.
407 4371 433 4433 si
461 4370 549 4435 beati
574 4373 716 4454 apostoli
734 4375 781 4435 tui
798 4373 903 4436 iacobi
920 4374 1209 4436 intercessionibus
1224 4376 1363 4438 adiuue-

167 4474 247 4516 mur.
264 4454 336 4537 sper
347 4457 504 4522 christum
521 4458 694 4523 dominum
712 4468 870 4524 nostrum.
1215 4460 1273 4543 [lo.
1295 4478 1364 4542 137.
