3038 5106
216 373 265 427 310
435 362 575 413 MISSAE
594 360 668 413 PRO
692 360 798 413 UIUIS
816 360 949 425 mvn
969 360 1195 414 DEFUNCTIS.

766 514 859 579 Alia.

260 618 353 682 Deus
383 618 452 682 uita
474 618 667 682 uiuentium.
688 638 765 701 spes
796 618 1015 682 morientium.
1037 618 1127 683 salus
1149 619 1301 683 omnium
1324 620 1359 683 in
1381 628 1416 684 te

216 705 429 789 sperantium.
446 714 578 788 praesta
592 705 754 787 propitius
769 716 806 769 ut
821 706 954 769 animae
975 706 1174 769 famulorum
1198 706 1415 771 famularum-

216 812 281 875 que
304 802 444 857 tuarum.
466 792 513 855 ill.
551 812 572 854 a
598 799 731 855 nostrae
762 792 973 856 mortalitatis
1003 793 1147 856 tenebris
1174 794 1359 858 absolutae.
1382 794 1416 857 in

216 889 375 962 perpetua
391 899 466 943 cum
482 877 606 943 sanetis
621 879 687 943 tuis
701 879 773 941 luce
789 879 961 943 laetentur.
977 900 1044 963 per.

703 1076 798 1138 luen
822 1074 928 1139 Amr.

260 1205 352 1268 Deus
376 1205 467 1269 cuius
493 1205 702 1269 miseratione
724 1205 855 1266 animae
878 1202 1023 1267 fidelium
1048 1207 1257 1287 requiescunt
1281 1207 1416 1271 samulis

216 1293 290 1357 tuis.
314 1292 359 1355 ill.
383 1302 416 1355 et
446 1291 491 1353 ill.
522 1292 574 1354 uel
606 1292 761 1354 omnibus
791 1292 843 1353 hic
874 1292 906 1353 in
940 1291 1063 1354 christo
1092 1293 1347 1374 quiescentibus.
1371 1295 1417 1358 da

216 1380 379 1463 propitius
395 1380 526 1441 ueniam
543 1388 763 1461 peccatorum.
780 1386 817 1440 ut
832 1398 852 1440 a
867 1379 994 1442 cunctis
1010 1380 1155 1443 reatibus
1171 1381 1324 1445 absoluti.
1341 1382 1415 1445 sine

216 1466 281 1530 fine
296 1466 467 1530 laetentur.
483 1485 548 1547 per.

748 1567 883 1631 Secreta.

260 1680 324 1744 Pro
346 1682 520 1746 animabus
544 1680 742 1743 famulorum
775 1690 906 1742 tuorum
933 1680 978 1743 ill.
1001 1691 1034 1743 et
1058 1681 1103 1745 ill.
1127 1691 1161 1745 et
1184 1682 1237 1745 hic
1260 1685 1413 1746 omnium

215 1768 452 1831 catholicorum
483 1768 719 1832 dormientium
750 1766 893 1829 hostiam
923 1768 1059 1830 domine
1088 1769 1218 1851 suscipe
1248 1770 1415 1851 benignus

214 1853 392 1928 oblatum.†
415 1866 451 1919 ut
474 1856 536 1918 hoc
567 1852 727 1917 sacrificio
749 1854 914 1933 singulari.
939 1854 1078 1916 uinculis
1101 1855 1264 1934 horrende
1296 1858 1414 1921 mortis

213 1942 317 2005 exuti.
334 1944 438 2005 uitam
456 1951 643 2005 mereantur
658 1951 835 2004 aeternam.
852 1961 910 2022 per
924 1942 1107 2005 dominum.

680 2077 742 2139 Ad
758 2076 982 2157 conpilendum.

258 2191 351 2254 Deus
389 2189 535 2253 fidelium
575 2189 686 2251 lumen
732 2190 917 2251 animarum
959 2190 1075 2253 adesto
1112 2191 1412 2274 supplicationibus

213 2278 341 2340 nostris.
354 2286 388 2340 et
402 2279 445 2340 da
462 2276 593 2339 samulis
609 2276 662 2339 uel
679 2274 865 2339 famulabus
884 2277 957 2338 tuis.
968 2276 1036 2338 alles
1051 2286 1083 2340 et
1100 2277 1145 2340 ill.
1158 2276 1225 2360 luel
1243 2278 1299 2361 [lo.
1317 2296 1357 2342 22
1362 2297 1410 2359 3v.

212 2383 353 2447 quorum
371 2384 509 2446 corpora
524 2363 576 2425 hic
593 2363 809 2443 requiescunt
827 2361 992 2445 refrigerii.
1015 2365 1138 2427 sedem.
1161 2366 1282 2447 quietis
1305 2367 1410 2430 beati·

212 2452 362 2514 tudinem
380 2450 512 2513 luminis
528 2449 719 2513 claritatem.
736 2469 795 2530 per
809 2450 991 2512 dominum.

431 2653 547 2716 Missa
571 2665 642 2715 eno
667 2651 777 2715 Ururs
808 2664 936 2726 A‘rous
959 2651 1186 2717 Darunerrs.

257 2779 479 2862 Omnipotens
502 2780 702 2863 sempiterne
731 2780 813 2842 deus
835 2780 891 2859 qui
915 2781 1066 2842 uiuorum
1098 2781 1279 2845 dominaris
1309 2786 1407 2848 simul

214 2877 247 2931 et
278 2880 481 2931 mortuorum
509 2868 726 2948 omniumque
753 2867 914 2927 misereris
938 2887 1021 2947 quos
1052 2878 1126 2931 tuos
1158 2869 1222 2933 fide
1244 2884 1278 2933 et
1308 2892 1409 2953 opere

213 2956 340 3017 futuros
356 2977 427 3017 esse
444 2955 639 3036 praenoscis
657 2963 690 3015 te
706 2953 898 3034 suppliciter
920 2954 1143 3036 imploramus.
1160 2968 1196 3019 ut
1210 2978 1271 3039 pro
1286 2959 1407 3039 quibus

213 3041 381 3104 effundere
420 3062 553 3122 praeces
584 3041 798 3103 decreuimus.
830 3060 979 3120 quosque
1017 3041 1124 3103 adhuc
1163 3044 1214 3105 uel
1249 3066 1405 3127 praesens

212 3129 379 3191 saeculum
411 3130 442 3190 in
474 3149 571 3190 carne
603 3128 729 3190 retinet.
761 3126 813 3187 uel
844 3126 990 3188 futurum
1022 3128 1087 3190 iam
1118 3141 1240 3191 exutos
1271 3152 1407 3214 corpore

212 3217 364 3296 suscepit.
395 3216 528 3298 pietatis
559 3224 635 3276 tuae
665 3214 840 3275 clementia
871 3213 1065 3276 delictorum
1099 3236 1232 3279 suorum
1265 3222 1406 3281 ueniam.

211 3312 245 3365 et
260 3304 382 3382 gaudia
397 3302 553 3382 consequi
571 3310 758 3362 mereantur
772 3310 913 3362 aeterna.
930 3321 996 3383 per.

742 3437 877 3499 Secreta.

255 3551 347 3613 Deus
377 3552 428 3613 cui
459 3551 518 3613 soli
549 3551 703 3631 cognitus
733 3560 783 3611 est
810 3569 965 3611 numerus
996 3550 1174 3613 electorum
1199 3554 1232 3614 in
1263 3574 1406 3635 superna

211 3637 367 3702 felicitate
398 3639 562 3700 locandus.
594 3637 701 3699 tribue
730 3656 909 3716 quesumus
940 3646 976 3698 ut
1006 3638 1233 3700 uniuersorum
1264 3660 1348 3721 quos
1371 3643 1405 3706 in

211 3727 358 3788 oratione
376 3727 626 3787 commendatos
641 3725 855 3803 suscepimus.
871 3722 923 3784 uel
940 3725 1089 3786 omnium
1105 3723 1251 3787 fidelium
1269 3729 1405 3791 nomina

210 3811 327 3876 beatae
342 3812 652 3894 praedestinationis
668 3811 750 3872 liber
764 3811 907 3890 ascripta
923 3811 1070 3872 retineat.
1086 3832 1152 3893 per.

675 3946 738 4009 Ad
754 3945 979 4027 complendum.

253 4060 423 4135 Purificeti
438 4082 498 4123 nos
514 4080 694 4141 quesumus
709 4060 921 4141 omnipotens
936 4069 969 4121 et
992 4059 1174 4123 misericors
1190 4061 1280 4125 deus.
1296 4083 1403 4126 sacra·

209 4158 322 4210 menta
355 4169 441 4230 quae
472 4148 682 4229 sumpsimus.
706 4155 740 4209 et
763 4156 873 4228 presta
896 4157 932 4209 ut
955 4146 1017 4208 hoc
1041 4157 1134 4209 tuum
1158 4162 1402 4213 sacramentum

207 4255 272 4297 non
289 4236 332 4298 sit
349 4235 444 4297 nobis
460 4245 569 4297 reatus
585 4235 627 4296 ad
644 4253 798 4315 poenam.
815 4234 873 4295 sed
890 4234 1080 4295 intercessio
1096 4234 1247 4297 salutaris
1263 4237 1306 4298 ad
1323 4258 1401 4300 uen-

206 4323 281 4385 iam.
312 4322 354 4385 sit
385 4322 534 4385 remissio
563 4320 731 4384 scelerum.
754 4321 797 4383 sit
819 4319 979 4383 fortitudo
1010 4320 1183 4402 fragilium.
1214 4323 1256 4385 sit
1286 4335 1403 4388 contra

207 4410 323 4472 mundi
352 4409 498 4492 pericula
527 4407 783 4472 firmamentum.
812 4408 856 4471 sit
886 4408 1037 4469 uiuorum
1067 4417 1168 4490 atque
1197 4418 1400 4475 mortuorum

205 4496 355 4558 remissio
369 4496 519 4559 omnium
535 4503 757 4578 peccatorum.
773 4514 832 4576 per
846 4494 1020 4557 dominum
1037 4504 1195 4558 nostrum.
