<?xml version="1.0" encoding="UTF-8"?>
<!DOCTYPE html PUBLIC "-//W3C//DTD XHTML 1.0 Transitional//EN"
    "http://www.w3.org/TR/xhtml1/DTD/xhtml1-transitional.dtd">
<html xmlns="http://www.w3.org/1999/xhtml" xml:lang="en" lang="en">
 <head>
  <title>
</title>
<meta http-equiv="Content-Type" content="text/html;charset=utf-8" />
  <meta name='ocr-system' content='tesseract 3.04.00' />
  <meta name='ocr-capabilities' content='ocr_page ocr_carea ocr_par ocr_line ocrx_word'/>
</head>
<body>
  <div class='ocr_page' id='page_1' title='image "./missalrobertjum00wilsgoog_0197.png"; bbox 0 0 3038 5106; ppageno 0'>
   <div class='ocr_carea' id='block_1_1' title="bbox 505 360 1017 413">
    <p class='ocr_par' dir='ltr' id='par_1_1' title="bbox 505 360 1017 413">
     <span class='ocr_line' id='line_1_1' title="bbox 505 360 1017 413; baseline 0.006 -3"><span class='ocrx_word' id='word_1_1' title='bbox 505 360 555 411; x_wconf 85' lang='lat' dir='ltr'>IN</span> <span class='ocrx_word' id='word_1_2' title='bbox 570 360 714 413; x_wconf 82' lang='lat' dir='ltr'><em>UIGILIA</em></span> <span class='ocrx_word' id='word_1_3' title='bbox 733 362 1017 413; x_wconf 81' lang='lat' dir='ltr'>PENYECOSTEN.</span> 
     </span>
    </p>
   </div>
   <div class='ocr_carea' id='block_1_2' title="bbox 628 540 907 623">
    <p class='ocr_par' dir='ltr' id='par_1_2' title="bbox 628 540 907 623">
     <span class='ocr_line' id='line_1_2' title="bbox 628 540 907 623; baseline -0.004 -18"><span class='ocrx_word' id='word_1_4' title='bbox 628 540 737 623; x_wconf 76' lang='lat' dir='ltr'>Super</span> <span class='ocrx_word' id='word_1_5' title='bbox 741 542 907 623; x_wconf 79' lang='lat' dir='ltr'>populum.</span> 
     </span>
    </p>
   </div>
   <div class='ocr_carea' id='block_1_3' title="bbox 134 646 1370 1084">
    <p class='ocr_par' dir='ltr' id='par_1_3' title="bbox 134 646 1370 1084">
     <span class='ocr_line' id='line_1_3' title="bbox 134 646 1370 735; baseline 0.002 -27"><span class='ocrx_word' id='word_1_6' title='bbox 134 694 137 699; x_wconf 85' lang='lat'>.</span> <span class='ocrx_word' id='word_1_7' title='bbox 207 646 301 711; x_wconf 92' lang='lat' dir='ltr'>Deus</span> <span class='ocrx_word' id='word_1_8' title='bbox 315 668 372 731; x_wconf 87' lang='lat' dir='ltr'>qur</span> <span class='ocrx_word' id='word_1_9' title='bbox 364 648 431 713; x_wconf 93' lang='lat' dir='ltr'>ad</span> <span class='ocrx_word' id='word_1_10' title='bbox 448 650 665 716; x_wconf 84' lang='lat' dir='ltr'>caelebranda</span> <span class='ocrx_word' id='word_1_11' title='bbox 688 663 764 717; x_wconf 88' lang='lat' dir='ltr'>tuae</span> <span class='ocrx_word' id='word_1_12' title='bbox 782 652 938 716; x_wconf 90' lang='lat' dir='ltr'>miracula</span> <span class='ocrx_word' id='word_1_13' title='bbox 962 652 1151 715; x_wconf 89' lang='lat' dir='ltr'>maiestatis.</span> <span class='ocrx_word' id='word_1_14' title='bbox 1167 660 1243 735; x_wconf 89' lang='lat' dir='ltr'>post</span> <span class='ocrx_word' id='word_1_15' title='bbox 1266 672 1370 714; x_wconf 88' lang='lat' dir='ltr'>resur-</span> 
     </span>
     <span class='ocr_line' id='line_1_4' title="bbox 162 736 1368 822; baseline 0.003 -27"><span class='ocrx_word' id='word_1_16' title='bbox 162 736 343 799; x_wconf 89' lang='lat' dir='ltr'>rectionem</span> <span class='ocrx_word' id='word_1_17' title='bbox 359 758 380 799; x_wconf 90' lang='lat' dir='ltr'>a</span> <span class='ocrx_word' id='word_1_18' title='bbox 396 740 542 802; x_wconf 86' lang='lat' dir='ltr'><strong>mortuis</strong></span> <span class='ocrx_word' id='word_1_19' title='bbox 558 739 688 802; x_wconf 90' lang='lat' dir='ltr'>hodie</span> <span class='ocrx_word' id='word_1_20' title='bbox 680 761 712 801; x_wconf 84' lang='lat' dir='ltr'>in</span> <span class='ocrx_word' id='word_1_21' title='bbox 729 739 845 815; x_wconf 89' lang='lat' dir='ltr'>caelis†</span> <span class='ocrx_word' id='word_1_22' title='bbox 860 740 1019 822; x_wconf 88' lang='lat' dir='ltr'>apostolis</span> <span class='ocrx_word' id='word_1_23' title='bbox 1037 741 1239 803; x_wconf 86' lang='lat' dir='ltr'>asstantibus</span> <span class='ocrx_word' id='word_1_24' title='bbox 1255 758 1368 801; x_wconf 89' lang='lat' dir='ltr'>ascen-</span> 
     </span>
     <span class='ocr_line' id='line_1_5' title="bbox 159 821 1368 908; baseline 0.003 -27"><span class='ocrx_word' id='word_1_25' title='bbox 159 821 246 883; x_wconf 89' lang='lat' dir='ltr'>disti.</span> <span class='ocrx_word' id='word_1_26' title='bbox 257 826 402 886; x_wconf 91' lang='lat' dir='ltr'>concede</span> <span class='ocrx_word' id='word_1_27' title='bbox 411 825 507 887; x_wconf 81' lang='lat' dir='ltr'>nobis</span> <span class='ocrx_word' id='word_1_28' title='bbox 522 837 599 890; x_wconf 91' lang='lat' dir='ltr'>tuae</span> <span class='ocrx_word' id='word_1_29' title='bbox 615 828 747 908; x_wconf 83' lang='lat' dir='ltr'>pretatis</span> <span class='ocrx_word' id='word_1_30' title='bbox 756 828 926 891; x_wconf 61' lang='lat' dir='ltr'>auxilium</span> <span class='ocrx_word' id='word_1_31' title='bbox 940 836 976 889; x_wconf 93' lang='lat' dir='ltr'>ut</span> <span class='ocrx_word' id='word_1_32' title='bbox 986 829 1168 890; x_wconf 92' lang='lat' dir='ltr'>secundum</span> <span class='ocrx_word' id='word_1_33' title='bbox 1185 837 1277 889; x_wconf 84' lang='lat' dir='ltr'>tuam</span> <span class='ocrx_word' id='word_1_34' title='bbox 1294 845 1368 907; x_wconf 90' lang='lat' dir='ltr'>pro-</span> 
     </span>
     <span class='ocr_line' id='line_1_6' title="bbox 163 908 1367 997; baseline 0.004 -28"><span class='ocrx_word' id='word_1_35' title='bbox 163 908 363 974; x_wconf 84' lang='lat' dir='ltr'>missionem.</span> <span class='ocrx_word' id='word_1_36' title='bbox 377 920 411 975; x_wconf 92' lang='lat' dir='ltr'>et</span> <span class='ocrx_word' id='word_1_37' title='bbox 427 922 463 975; x_wconf 93' lang='lat' dir='ltr'>tu</span> <span class='ocrx_word' id='word_1_38' title='bbox 479 914 651 977; x_wconf 92' lang='lat' dir='ltr'>nobiscum</span> <span class='ocrx_word' id='word_1_39' title='bbox 668 935 798 997; x_wconf 86' lang='lat' dir='ltr'>semper</span> <span class='ocrx_word' id='word_1_40' title='bbox 814 917 846 977; x_wconf 98' lang='lat' dir='ltr'>in</span> <span class='ocrx_word' id='word_1_41' title='bbox 863 915 964 978; x_wconf 90' lang='lat' dir='ltr'>terris</span> <span class='ocrx_word' id='word_1_42' title='bbox 978 925 1011 977; x_wconf 91' lang='lat' dir='ltr'>et</span> <span class='ocrx_word' id='word_1_43' title='bbox 1027 934 1087 976; x_wconf 89' lang='lat' dir='ltr'>nos</span> <span class='ocrx_word' id='word_1_44' title='bbox 1103 923 1212 977; x_wconf 91' lang='lat' dir='ltr'>tecum</span> <span class='ocrx_word' id='word_1_45' title='bbox 1226 914 1258 975; x_wconf 97' lang='lat' dir='ltr'>in</span> <span class='ocrx_word' id='word_1_46' title='bbox 1274 912 1367 975; x_wconf 87' lang='lat' dir='ltr'>caelo</span> 
     </span>
     <span class='ocr_line' id='line_1_7' title="bbox 162 995 766 1084; baseline 0.012 -27"><span class='ocrx_word' id='word_1_47' title='bbox 162 995 274 1059; x_wconf 90' lang='lat' dir='ltr'>uiuere</span> <span class='ocrx_word' id='word_1_48' title='bbox 290 1018 482 1062; x_wconf 88' lang='lat' dir='ltr'>mereamur.</span> <span class='ocrx_word' id='word_1_49' title='bbox 499 1001 554 1081; x_wconf 92' lang='lat' dir='ltr'>qui</span> <span class='ocrx_word' id='word_1_50' title='bbox 571 1021 646 1063; x_wconf 91' lang='lat' dir='ltr'>cum</span> <span class='ocrx_word' id='word_1_51' title='bbox 663 1012 766 1084; x_wconf 89' lang='lat' dir='ltr'>patre.</span> 
     </span>
    </p>
   </div>
   <div class='ocr_carea' id='block_1_4' title="bbox 717 1148 811 1211">
    <p class='ocr_par' dir='ltr' id='par_1_4' title="bbox 717 1148 811 1211">
     <span class='ocr_line' id='line_1_8' title="bbox 717 1148 811 1211; baseline -0.012 0"><span class='ocrx_word' id='word_1_52' title='bbox 717 1148 811 1211; x_wconf 79' lang='lat' dir='ltr'>Alta.</span> 
     </span>
    </p>
   </div>
   <div class='ocr_carea' id='block_1_5' title="bbox 156 1254 1366 1604">
    <p class='ocr_par' dir='ltr' id='par_1_5' title="bbox 156 1254 1366 1604">
     <span class='ocr_line' id='line_1_9' title="bbox 204 1254 1366 1341; baseline 0.002 -24"><span class='ocrx_word' id='word_1_53' title='bbox 204 1254 336 1319; x_wconf 87' lang='lat' dir='ltr'>Adesto</span> <span class='ocrx_word' id='word_1_54' title='bbox 351 1259 487 1322; x_wconf 90' lang='lat' dir='ltr'>domine</span> <span class='ocrx_word' id='word_1_55' title='bbox 502 1259 798 1341; x_wconf 85' lang='lat' dir='ltr'>supplicationibus</span> <span class='ocrx_word' id='word_1_56' title='bbox 815 1261 934 1323; x_wconf 90' lang='lat' dir='ltr'>nostris</span> <span class='ocrx_word' id='word_1_57' title='bbox 945 1271 981 1323; x_wconf 93' lang='lat' dir='ltr'>ut</span> <span class='ocrx_word' id='word_1_58' title='bbox 993 1261 1076 1324; x_wconf 92' lang='lat' dir='ltr'>sicut</span> <span class='ocrx_word' id='word_1_59' title='bbox 1092 1259 1227 1323; x_wconf 91' lang='lat' dir='ltr'>humani</span> <span class='ocrx_word' id='word_1_60' title='bbox 1237 1260 1366 1339; x_wconf 83' lang='lat' dir='ltr'>generis</span> 
     </span>
     <span class='ocr_line' id='line_1_10' title="bbox 157 1342 1366 1411; baseline 0.002 -7.005"><span class='ocrx_word' id='word_1_61' title='bbox 157 1342 360 1407; x_wconf 88' lang='lat' dir='ltr'>saluatorem</span> <span class='ocrx_word' id='word_1_62' title='bbox 384 1348 564 1409; x_wconf 86' lang='lat' dir='ltr'>consedere</span> <span class='ocrx_word' id='word_1_63' title='bbox 594 1358 703 1410; x_wconf 90' lang='lat' dir='ltr'>tecum</span> <span class='ocrx_word' id='word_1_64' title='bbox 735 1350 766 1409; x_wconf 95' lang='lat' dir='ltr'>in</span> <span class='ocrx_word' id='word_1_65' title='bbox 799 1359 856 1411; x_wconf 85' lang='lat' dir='ltr'>tua</span> <span class='ocrx_word' id='word_1_66' title='bbox 888 1350 1059 1411; x_wconf 87' lang='lat' dir='ltr'>maiestate</span> <span class='ocrx_word' id='word_1_67' title='bbox 1086 1348 1291 1410; x_wconf 87' lang='lat' dir='ltr'>confidimus.</span> <span class='ocrx_word' id='word_1_68' title='bbox 1319 1348 1366 1408; x_wconf 89' lang='lat' dir='ltr'>ita</span> 
     </span>
     <span class='ocr_line' id='line_1_11' title="bbox 157 1431 1364 1517; baseline 0.003 -25"><span class='ocrx_word' id='word_1_69' title='bbox 157 1431 321 1511; x_wconf 86' lang='lat' dir='ltr'>usquead</span> <span class='ocrx_word' id='word_1_70' title='bbox 337 1435 658 1497; x_wconf 88' lang='lat' dir='ltr'>consummationem</span> <span class='ocrx_word' id='word_1_71' title='bbox 675 1435 795 1498; x_wconf 88' lang='lat' dir='ltr'>saeculi</span> <span class='ocrx_word' id='word_1_72' title='bbox 813 1456 945 1498; x_wconf 89' lang='lat' dir='ltr'>manere</span> <span class='ocrx_word' id='word_1_73' title='bbox 960 1436 1131 1498; x_wconf 93' lang='lat' dir='ltr'>nobiscum</span> <span class='ocrx_word' id='word_1_74' title='bbox 1148 1435 1364 1517; x_wconf 89' lang='lat' dir='ltr'>quemadmo-</span> 
     </span>
     <span class='ocr_line' id='line_1_12' title="bbox 156 1516 937 1604; baseline 0.009 -27"><span class='ocrx_word' id='word_1_75' title='bbox 156 1516 241 1579; x_wconf 90' lang='lat' dir='ltr'>dum</span> <span class='ocrx_word' id='word_1_76' title='bbox 257 1528 307 1581; x_wconf 91' lang='lat' dir='ltr'>est</span> <span class='ocrx_word' id='word_1_77' title='bbox 322 1520 489 1601; x_wconf 85' lang='lat' dir='ltr'>pollicitus</span> <span class='ocrx_word' id='word_1_78' title='bbox 504 1523 693 1585; x_wconf 87' lang='lat' dir='ltr'>sentiamus.</span> <span class='ocrx_word' id='word_1_79' title='bbox 711 1543 769 1604; x_wconf 86' lang='lat' dir='ltr'>per</span> <span class='ocrx_word' id='word_1_80' title='bbox 785 1524 937 1587; x_wconf 88' lang='lat' dir='ltr'>eundern.</span> 
     </span>
    </p>
   </div>
   <div class='ocr_carea' id='block_1_6' title="bbox 719 1667 811 1732">
    <p class='ocr_par' dir='ltr' id='par_1_6' title="bbox 719 1667 811 1732">
     <span class='ocr_line' id='line_1_13' title="bbox 719 1667 811 1732; baseline 0.022 -2"><span class='ocrx_word' id='word_1_81' title='bbox 719 1667 811 1732; x_wconf 81' lang='lat' dir='ltr'>Alia.</span> 
     </span>
    </p>
   </div>
   <div class='ocr_carea' id='block_1_7' title="bbox 154 1772 1363 2122">
    <p class='ocr_par' dir='ltr' id='par_1_7' title="bbox 154 1772 1363 2122">
     <span class='ocr_line' id='line_1_14' title="bbox 201 1772 1363 1862; baseline 0.004 -27"><span class='ocrx_word' id='word_1_82' title='bbox 201 1772 296 1838; x_wconf 89' lang='lat' dir='ltr'>Deus</span> <span class='ocrx_word' id='word_1_83' title='bbox 310 1776 402 1839; x_wconf 91' lang='lat' dir='ltr'>cuius</span> <span class='ocrx_word' id='word_1_84' title='bbox 418 1775 504 1840; x_wconf 85' lang='lat' dir='ltr'>filius</span> <span class='ocrx_word' id='word_1_85' title='bbox 528 1778 560 1840; x_wconf 93' lang='lat' dir='ltr'>in</span> <span class='ocrx_word' id='word_1_86' title='bbox 585 1778 653 1842; x_wconf 92' lang='lat' dir='ltr'>alta</span> <span class='ocrx_word' id='word_1_87' title='bbox 676 1780 842 1843; x_wconf 91' lang='lat' dir='ltr'>caelorum</span> <span class='ocrx_word' id='word_1_88' title='bbox 860 1789 1011 1862; x_wconf 92' lang='lat' dir='ltr'>potenter</span> <span class='ocrx_word' id='word_1_89' title='bbox 1027 1780 1209 1842; x_wconf 90' lang='lat' dir='ltr'>ascendens</span> <span class='ocrx_word' id='word_1_90' title='bbox 1224 1778 1363 1861; x_wconf 89' lang='lat' dir='ltr'>captiui-</span> 
     </span>
     <span class='ocr_line' id='line_1_15' title="bbox 154 1865 1363 1948; baseline 0.006 -26"><span class='ocrx_word' id='word_1_91' title='bbox 154 1870 264 1923; x_wconf 85' lang='lat' dir='ltr'>tatem</span> <span class='ocrx_word' id='word_1_92' title='bbox 281 1874 428 1925; x_wconf 89' lang='lat' dir='ltr'>nostram</span> <span class='ocrx_word' id='word_1_93' title='bbox 445 1885 505 1927; x_wconf 92' lang='lat' dir='ltr'>sua</span> <span class='ocrx_word' id='word_1_94' title='bbox 530 1865 627 1928; x_wconf 82' lang='lat' dir='ltr'>duxit</span> <span class='ocrx_word' id='word_1_95' title='bbox 651 1867 773 1929; x_wconf 85' lang='lat' dir='ltr'>uirtute</span> <span class='ocrx_word' id='word_1_96' title='bbox 797 1869 972 1948; x_wconf 88' lang='lat' dir='ltr'>captiuam.</span> <span class='ocrx_word' id='word_1_97' title='bbox 988 1865 1097 1929; x_wconf 85' lang='lat' dir='ltr'>tribue</span> <span class='ocrx_word' id='word_1_98' title='bbox 1121 1886 1300 1947; x_wconf 87' lang='lat' dir='ltr'>quesumus</span> <span class='ocrx_word' id='word_1_99' title='bbox 1327 1876 1363 1929; x_wconf 91' lang='lat' dir='ltr'>ut</span> 
     </span>
     <span class='ocr_line' id='line_1_16' title="bbox 154 1948 1360 2035; baseline 0.006 -28"><span class='ocrx_word' id='word_1_100' title='bbox 154 1948 249 2010; x_wconf 75' lang='lat' dir='ltr'>(lona</span> <span class='ocrx_word' id='word_1_101' title='bbox 264 1968 349 2029; x_wconf 88' lang='lat' dir='ltr'>quae</span> <span class='ocrx_word' id='word_1_102' title='bbox 365 1952 432 2013; x_wconf 86' lang='lat' dir='ltr'>suis</span> <span class='ocrx_word' id='word_1_103' title='bbox 456 1950 686 2033; x_wconf 74' lang='lat' dir='ltr'>partifcipibus</span> <span class='ocrx_word' id='word_1_104' title='bbox 710 1955 858 2017; x_wconf 90' lang='lat' dir='ltr'>contulit.</span> <span class='ocrx_word' id='word_1_105' title='bbox 875 1954 1033 2033; x_wconf 79' lang='lat' dir='ltr'>largiatur</span> <span class='ocrx_word' id='word_1_106' title='bbox 1059 1963 1092 2016; x_wconf 91' lang='lat' dir='ltr'>et</span> <span class='ocrx_word' id='word_1_107' title='bbox 1118 1953 1213 2015; x_wconf 91' lang='lat' dir='ltr'>nobis</span> <span class='ocrx_word' id='word_1_108' title='bbox 1237 1951 1294 2035; x_wconf 89' lang='lat' dir='ltr'>[so.</span> <span class='ocrx_word' id='word_1_109' title='bbox 1311 1956 1329 2013; x_wconf 82' lang='lat'>8</span> <span class='ocrx_word' id='word_1_110' title='bbox 1335 1972 1360 2033; x_wconf 79' lang='lat'>3.</span> 
     </span>
     <span class='ocr_line' id='line_1_17' title="bbox 154 2034 1002 2122; baseline 0.008 -26"><span class='ocrx_word' id='word_1_111' title='bbox 154 2034 245 2097; x_wconf 90' lang='lat' dir='ltr'>iesus</span> <span class='ocrx_word' id='word_1_112' title='bbox 259 2035 401 2100; x_wconf 90' lang='lat' dir='ltr'>christus</span> <span class='ocrx_word' id='word_1_113' title='bbox 415 2038 571 2101; x_wconf 91' lang='lat' dir='ltr'>dominus</span> <span class='ocrx_word' id='word_1_114' title='bbox 587 2050 699 2103; x_wconf 91' lang='lat' dir='ltr'>noster</span> <span class='ocrx_word' id='word_1_115' title='bbox 714 2042 769 2122; x_wconf 91' lang='lat' dir='ltr'>qui</span> <span class='ocrx_word' id='word_1_116' title='bbox 786 2050 895 2103; x_wconf 89' lang='lat' dir='ltr'>tecum</span> <span class='ocrx_word' id='word_1_117' title='bbox 913 2041 1002 2103; x_wconf 90' lang='lat' dir='ltr'>uiuit.</span> 
     </span>
    </p>
   </div>
   <div class='ocr_carea' id='block_1_8' title="bbox 400 2250 1125 2317">
    <p class='ocr_par' dir='ltr' id='par_1_8' title="bbox 400 2250 1125 2317">
     <span class='ocr_line' id='line_1_18' title="bbox 400 2250 1125 2317; baseline 0.001 -4"><span class='ocrx_word' id='word_1_118' title='bbox 400 2250 598 2315; x_wconf 73' lang='lat' dir='ltr'>Dosnmcn</span> <span class='ocrx_word' id='word_1_119' title='bbox 622 2266 711 2317; x_wconf 79' lang='lat' dir='ltr'>Posr</span> <span class='ocrx_word' id='word_1_120' title='bbox 735 2253 940 2316; x_wconf 65' lang='lat' dir='ltr'>Ascensus-r</span> <span class='ocrx_word' id='word_1_121' title='bbox 966 2252 1125 2315; x_wconf 81' lang='lat' dir='ltr'>Domui.</span> 
     </span>
    </p>
   </div>
   <div class='ocr_carea' id='block_1_9' title="bbox 155 2376 1363 2548">
    <p class='ocr_par' dir='ltr' id='par_1_9' title="bbox 155 2376 1363 2548">
     <span class='ocr_line' id='line_1_19' title="bbox 201 2376 1363 2462; baseline 0.002 -21"><span class='ocrx_word' id='word_1_122' title='bbox 201 2376 426 2459; x_wconf 89' lang='lat' dir='ltr'>Omnipotens</span> <span class='ocrx_word' id='word_1_123' title='bbox 441 2381 642 2462; x_wconf 87' lang='lat' dir='ltr'>sempiterne</span> <span class='ocrx_word' id='word_1_124' title='bbox 658 2381 738 2444; x_wconf 91' lang='lat' dir='ltr'>deus</span> <span class='ocrx_word' id='word_1_125' title='bbox 764 2382 814 2443; x_wconf 85' lang='lat' dir='ltr'>lac</span> <span class='ocrx_word' id='word_1_126' title='bbox 840 2402 900 2442; x_wconf 93' lang='lat' dir='ltr'>nos</span> <span class='ocrx_word' id='word_1_127' title='bbox 926 2380 985 2443; x_wconf 90' lang='lat' dir='ltr'>tibi</span> <span class='ocrx_word' id='word_1_128' title='bbox 1011 2400 1142 2461; x_wconf 88' lang='lat' dir='ltr'>semper</span> <span class='ocrx_word' id='word_1_129' title='bbox 1158 2389 1190 2442; x_wconf 90' lang='lat' dir='ltr'>et</span> <span class='ocrx_word' id='word_1_130' title='bbox 1206 2378 1363 2443; x_wconf 87' lang='lat' dir='ltr'>deuotam</span> 
     </span>
     <span class='ocr_line' id='line_1_20' title="bbox 155 2464 1301 2548; baseline 0.001 -21"><span class='ocrx_word' id='word_1_131' title='bbox 155 2484 271 2545; x_wconf 80' lang='lat' dir='ltr'>gerere</span> <span class='ocrx_word' id='word_1_132' title='bbox 286 2464 492 2529; x_wconf 88' lang='lat' dir='ltr'>uoluntatem</span> <span class='ocrx_word' id='word_1_133' title='bbox 509 2478 542 2531; x_wconf 90' lang='lat' dir='ltr'>et</span> <span class='ocrx_word' id='word_1_134' title='bbox 559 2469 723 2532; x_wconf 88' lang='lat' dir='ltr'>maiestati</span> <span class='ocrx_word' id='word_1_135' title='bbox 740 2480 817 2533; x_wconf 90' lang='lat' dir='ltr'>tuac</span> <span class='ocrx_word' id='word_1_136' title='bbox 833 2469 959 2530; x_wconf 91' lang='lat' dir='ltr'>sincero</span> <span class='ocrx_word' id='word_1_137' title='bbox 974 2469 1074 2530; x_wconf 91' lang='lat' dir='ltr'>corde</span> <span class='ocrx_word' id='word_1_138' title='bbox 1090 2468 1219 2530; x_wconf 86' lang='lat' dir='ltr'>seruire.</span> <span class='ocrx_word' id='word_1_139' title='bbox 1236 2488 1301 2548; x_wconf 91' lang='lat' dir='ltr'>per.</span> 
     </span>
    </p>
   </div>
   <div class='ocr_carea' id='block_1_10' title="bbox 154 2613 1364 3029">
    <p class='ocr_par' dir='ltr' id='par_1_10' title="bbox 154 2613 1364 3029">
     <span class='ocr_line' id='line_1_21' title="bbox 695 2613 831 2677; baseline -0.022 0"><span class='ocrx_word' id='word_1_140' title='bbox 695 2613 831 2677; x_wconf 80' lang='lat' dir='ltr'>Secreta.</span> 
     </span>
     <span class='ocr_line' id='line_1_22' title="bbox 199 2720 1364 2806; baseline -0.003 -19"><span class='ocrx_word' id='word_1_141' title='bbox 199 2720 370 2787; x_wconf 84' lang='lat' dir='ltr'>Sacrificia</span> <span class='ocrx_word' id='word_1_142' title='bbox 386 2743 446 2786; x_wconf 90' lang='lat' dir='ltr'>nos</span> <span class='ocrx_word' id='word_1_143' title='bbox 461 2724 596 2787; x_wconf 91' lang='lat' dir='ltr'>domine</span> <span class='ocrx_word' id='word_1_144' title='bbox 612 2724 812 2787; x_wconf 88' lang='lat' dir='ltr'>inmaculata</span> <span class='ocrx_word' id='word_1_145' title='bbox 828 2722 1008 2806; x_wconf 87' lang='lat' dir='ltr'>purificent.</span> <span class='ocrx_word' id='word_1_146' title='bbox 1022 2733 1054 2786; x_wconf 90' lang='lat' dir='ltr'>et</span> <span class='ocrx_word' id='word_1_147' title='bbox 1066 2722 1232 2785; x_wconf 89' lang='lat' dir='ltr'>mentibus</span> <span class='ocrx_word' id='word_1_148' title='bbox 1245 2723 1364 2784; x_wconf 88' lang='lat' dir='ltr'>nostris</span> 
     </span>
     <span class='ocr_line' id='line_1_23' title="bbox 154 2812 811 2893; baseline 0.003 -22"><span class='ocrx_word' id='word_1_149' title='bbox 154 2828 320 2893; x_wconf 87' lang='lat' dir='ltr'>supernae</span> <span class='ocrx_word' id='word_1_150' title='bbox 334 2812 461 2893; x_wconf 86' lang='lat' dir='ltr'>gratiae</span> <span class='ocrx_word' id='word_1_151' title='bbox 476 2812 556 2874; x_wconf 91' lang='lat' dir='ltr'>dent</span> <span class='ocrx_word' id='word_1_152' title='bbox 572 2813 729 2893; x_wconf 85' lang='lat' dir='ltr'>uigorem.</span> <span class='ocrx_word' id='word_1_153' title='bbox 747 2831 811 2893; x_wconf 92' lang='lat' dir='ltr'>pcr.</span> 
     </span>
     <span class='ocr_line' id='line_1_24' title="bbox 670 2948 850 3029; baseline -0.006 -18"><span class='ocrx_word' id='word_1_154' title='bbox 670 2948 850 3029; x_wconf 77' lang='lat' dir='ltr'>Praefatio.</span> 
     </span>
    </p>
   </div>
   <div class='ocr_carea' id='block_1_11' title="bbox 151 3058 1364 3489">
    <p class='ocr_par' dir='ltr' id='par_1_11' title="bbox 151 3058 1364 3489">
     <span class='ocr_line' id='line_1_25' title="bbox 200 3058 1362 3141; baseline -0.003 -18"><span class='ocrx_word' id='word_1_155' title='bbox 200 3058 252 3123; x_wconf 69' lang='lat' dir='ltr'>(i)</span> <span class='ocrx_word' id='word_1_156' title='bbox 268 3078 327 3141; x_wconf 90' lang='lat' dir='ltr'>per</span> <span class='ocrx_word' id='word_1_157' title='bbox 341 3058 500 3123; x_wconf 90' lang='lat' dir='ltr'>christum</span> <span class='ocrx_word' id='word_1_158' title='bbox 516 3060 689 3123; x_wconf 89' lang='lat' dir='ltr'>dominum</span> <span class='ocrx_word' id='word_1_159' title='bbox 708 3072 865 3123; x_wconf 89' lang='lat' dir='ltr'>nostrum.</span> <span class='ocrx_word' id='word_1_160' title='bbox 911 3058 976 3141; x_wconf 84' lang='lat' dir='ltr'>Qui</span> <span class='ocrx_word' id='word_1_161' title='bbox 1000 3059 1110 3141; x_wconf 85' lang='lat' dir='ltr'>generi</span> <span class='ocrx_word' id='word_1_162' title='bbox 1126 3058 1273 3121; x_wconf 88' lang='lat' dir='ltr'>humano</span> <span class='ocrx_word' id='word_1_163' title='bbox 1289 3079 1362 3120; x_wconf 89' lang='lat' dir='ltr'>nas·</span> 
     </span>
     <span class='ocr_line' id='line_1_26' title="bbox 153 3145 1364 3229; baseline 0 -22"><span class='ocrx_word' id='word_1_164' title='bbox 153 3146 264 3209; x_wconf 92' lang='lat' dir='ltr'>cendo</span> <span class='ocrx_word' id='word_1_165' title='bbox 278 3145 441 3209; x_wconf 91' lang='lat' dir='ltr'>subuenit.</span> <span class='ocrx_word' id='word_1_166' title='bbox 458 3167 532 3210; x_wconf 87' lang='lat' dir='ltr'>curn</span> <span class='ocrx_word' id='word_1_167' title='bbox 557 3168 616 3229; x_wconf 90' lang='lat' dir='ltr'>per</span> <span class='ocrx_word' id='word_1_168' title='bbox 631 3158 772 3211; x_wconf 89' lang='lat' dir='ltr'>mortem</span> <span class='ocrx_word' id='word_1_169' title='bbox 796 3147 959 3229; x_wconf 87' lang='lat' dir='ltr'>passionis</span> <span class='ocrx_word' id='word_1_170' title='bbox 976 3148 1137 3209; x_wconf 89' lang='lat' dir='ltr'>mundum</span> <span class='ocrx_word' id='word_1_171' title='bbox 1159 3147 1289 3208; x_wconf 89' lang='lat' dir='ltr'>deuieit.</span> <span class='ocrx_word' id='word_1_172' title='bbox 1306 3167 1364 3227; x_wconf 89' lang='lat' dir='ltr'>per</span> 
     </span>
     <span class='ocr_line' id='line_1_27' title="bbox 153 3232 1361 3314; baseline -0.002 -19"><span class='ocrx_word' id='word_1_173' title='bbox 153 3232 297 3313; x_wconf 77' lang='lat' dir='ltr'>gloriam</span> <span class='ocrx_word' id='word_1_174' title='bbox 310 3235 554 3297; x_wconf 90' lang='lat' dir='ltr'>resurrectionis</span> <span class='ocrx_word' id='word_1_175' title='bbox 567 3236 655 3297; x_wconf 86' lang='lat' dir='ltr'>uitae</span> <span class='ocrx_word' id='word_1_176' title='bbox 671 3245 824 3297; x_wconf 88' lang='lat' dir='ltr'>aeternae</span> <span class='ocrx_word' id='word_1_177' title='bbox 835 3236 963 3296; x_wconf 86' lang='lat' dir='ltr'>aditum</span> <span class='ocrx_word' id='word_1_178' title='bbox 976 3233 1137 3314; x_wconf 80' lang='lat' dir='ltr'>patefecit.</span> <span class='ocrx_word' id='word_1_179' title='bbox 1150 3244 1183 3295; x_wconf 92' lang='lat' dir='ltr'>ct</span> <span class='ocrx_word' id='word_1_180' title='bbox 1195 3254 1253 3314; x_wconf 90' lang='lat' dir='ltr'>per</span> <span class='ocrx_word' id='word_1_181' title='bbox 1268 3254 1361 3295; x_wconf 89' lang='lat' dir='ltr'>suam</span> 
     </span>
     <span class='ocr_line' id='line_1_28' title="bbox 152 3319 1364 3403; baseline 0 -22"><span class='ocrx_word' id='word_1_182' title='bbox 152 3319 385 3383; x_wconf 86' lang='lat' dir='ltr'>ascensionem</span> <span class='ocrx_word' id='word_1_183' title='bbox 415 3324 457 3385; x_wconf 94' lang='lat' dir='ltr'>ad</span> <span class='ocrx_word' id='word_1_184' title='bbox 488 3322 598 3385; x_wconf 91' lang='lat' dir='ltr'>caelos</span> <span class='ocrx_word' id='word_1_185' title='bbox 627 3322 724 3385; x_wconf 91' lang='lat' dir='ltr'>nobis</span> <span class='ocrx_word' id='word_1_186' title='bbox 748 3342 842 3403; x_wconf 91' lang='lat' dir='ltr'>spem</span> <span class='ocrx_word' id='word_1_187' title='bbox 868 3321 1066 3384; x_wconf 88' lang='lat' dir='ltr'>ascendendi</span> <span class='ocrx_word' id='word_1_188' title='bbox 1095 3321 1241 3382; x_wconf 91' lang='lat' dir='ltr'>donauit.</span> <span class='ocrx_word' id='word_1_189' title='bbox 1302 3322 1364 3383; x_wconf 89' lang='lat' dir='ltr'>Per</span> 
     </span>
     <span class='ocr_line' id='line_1_29' title="bbox 151 3426 265 3489; baseline 0 -20"><span class='ocrx_word' id='word_1_190' title='bbox 151 3426 265 3489; x_wconf 91' lang='lat' dir='ltr'>quem.</span> 
     </span>
    </p>
   </div>
   <div class='ocr_carea' id='block_1_12' title="bbox 608 3528 906 3611">
    <p class='ocr_par' dir='ltr' id='par_1_12' title="bbox 608 3528 906 3611">
     <span class='ocr_line' id='line_1_30' title="bbox 608 3528 906 3611; baseline -0.01 -18"><span class='ocrx_word' id='word_1_191' title='bbox 608 3529 672 3593; x_wconf 81' lang='lat' dir='ltr'>Ad</span> <span class='ocrx_word' id='word_1_192' title='bbox 681 3528 906 3611; x_wconf 69' lang='lat' dir='ltr'>conplendum.</span> 
     </span>
    </p>
   </div>
   <div class='ocr_carea' id='block_1_13' title="bbox 152 3637 1360 3810">
    <p class='ocr_par' dir='ltr' id='par_1_13' title="bbox 152 3637 1360 3810">
     <span class='ocr_line' id='line_1_31' title="bbox 196 3637 1360 3722; baseline 0 -21"><span class='ocrx_word' id='word_1_193' title='bbox 196 3637 332 3721; x_wconf 90' lang='lat' dir='ltr'>Repleti</span> <span class='ocrx_word' id='word_1_194' title='bbox 347 3639 483 3703; x_wconf 91' lang='lat' dir='ltr'>domine</span> <span class='ocrx_word' id='word_1_195' title='bbox 499 3641 688 3704; x_wconf 86' lang='lat' dir='ltr'>muneribus</span> <span class='ocrx_word' id='word_1_196' title='bbox 703 3642 812 3704; x_wconf 89' lang='lat' dir='ltr'>sacris.</span> <span class='ocrx_word' id='word_1_197' title='bbox 828 3641 873 3703; x_wconf 88' lang='lat' dir='ltr'>da</span> <span class='ocrx_word' id='word_1_198' title='bbox 888 3658 1068 3722; x_wconf 91' lang='lat' dir='ltr'>quesumus</span> <span class='ocrx_word' id='word_1_199' title='bbox 1083 3647 1119 3702; x_wconf 92' lang='lat' dir='ltr'>ut</span> <span class='ocrx_word' id='word_1_200' title='bbox 1136 3638 1168 3700; x_wconf 94' lang='lat' dir='ltr'>in</span> <span class='ocrx_word' id='word_1_201' title='bbox 1181 3639 1360 3721; x_wconf 82' lang='lat' dir='ltr'>gratiarum</span> 
     </span>
     <span class='ocr_line' id='line_1_32' title="bbox 152 3727 733 3810; baseline 0.002 -21"><span class='ocrx_word' id='word_1_202' title='bbox 152 3746 287 3809; x_wconf 89' lang='lat' dir='ltr'>semper</span> <span class='ocrx_word' id='word_1_203' title='bbox 301 3727 431 3790; x_wconf 91' lang='lat' dir='ltr'>actione</span> <span class='ocrx_word' id='word_1_204' title='bbox 449 3748 649 3791; x_wconf 88' lang='lat' dir='ltr'>maneamus.</span> <span class='ocrx_word' id='word_1_205' title='bbox 667 3748 733 3810; x_wconf 92' lang='lat' dir='ltr'>per.</span> 
     </span>
    </p>
   </div>
   <div class='ocr_carea' id='block_1_14' title="bbox 628 3872 876 3955">
    <p class='ocr_par' dir='ltr' id='par_1_14' title="bbox 628 3872 876 3955">
     <span class='ocr_line' id='line_1_33' title="bbox 628 3872 876 3955; baseline -0.013 -19"><span class='ocrx_word' id='word_1_206' title='bbox 628 3872 692 3936; x_wconf 80' lang='lat' dir='ltr'>Ad</span> <span class='ocrx_word' id='word_1_207' title='bbox 703 3882 876 3955; x_wconf 67' lang='lat' dir='ltr'>uesperum.</span> 
     </span>
    </p>
   </div>
   <div class='ocr_carea' id='block_1_15' title="bbox 150 3983 1361 4242">
    <p class='ocr_par' dir='ltr' id='par_1_15' title="bbox 150 3983 1361 4242">
     <span class='ocr_line' id='line_1_34' title="bbox 197 3983 1359 4069; baseline 0 -22"><span class='ocrx_word' id='word_1_208' title='bbox 197 3984 291 4047; x_wconf 91' lang='lat' dir='ltr'>Deus</span> <span class='ocrx_word' id='word_1_209' title='bbox 307 3985 377 4048; x_wconf 88' lang='lat' dir='ltr'>uita</span> <span class='ocrx_word' id='word_1_210' title='bbox 392 3984 548 4050; x_wconf 84' lang='lat' dir='ltr'>fidelium</span> <span class='ocrx_word' id='word_1_211' title='bbox 560 3983 665 4069; x_wconf 82' lang='lat' dir='ltr'>gloria</span> <span class='ocrx_word' id='word_1_212' title='bbox 679 3986 862 4049; x_wconf 91' lang='lat' dir='ltr'>humilium.</span> <span class='ocrx_word' id='word_1_213' title='bbox 880 3983 1075 4046; x_wconf 90' lang='lat' dir='ltr'>beatitudo</span> <span class='ocrx_word' id='word_1_214' title='bbox 1067 3992 1238 4047; x_wconf 80' lang='lat' dir='ltr'>iustorum.</span> <span class='ocrx_word' id='word_1_215' title='bbox 1250 3986 1359 4067; x_wconf 90' lang='lat' dir='ltr'>propi·</span> 
     </span>
     <span class='ocr_line' id='line_1_35' title="bbox 151 4071 1361 4171; baseline -0.001 -36"><span class='ocrx_word' id='word_1_216' title='bbox 151 4073 219 4135; x_wconf 89' lang='lat' dir='ltr'>tius</span> <span class='ocrx_word' id='word_1_217' title='bbox 234 4071 364 4171; x_wconf 77' lang='lat' dir='ltr'>suscipe</span> <span class='ocrx_word' id='word_1_218' title='bbox 378 4072 637 4155; x_wconf 90' lang='lat' dir='ltr'>supplicantium</span> <span class='ocrx_word' id='word_1_219' title='bbox 662 4094 805 4154; x_wconf 88' lang='lat' dir='ltr'>praeces.</span> <span class='ocrx_word' id='word_1_220' title='bbox 829 4082 864 4134; x_wconf 94' lang='lat' dir='ltr'>ut</span> <span class='ocrx_word' id='word_1_221' title='bbox 887 4073 1118 4152; x_wconf 90' lang='lat' dir='ltr'>animaequae</span> <span class='ocrx_word' id='word_1_222' title='bbox 1134 4072 1361 4152; x_wconf 88' lang='lat' dir='ltr'>promissionis</span> 
     </span>
     <span class='ocr_line' id='line_1_36' title="bbox 150 4156 1198 4242; baseline -0.002 -19"><span class='ocrx_word' id='word_1_223' title='bbox 150 4156 248 4233; x_wconf 76' lang='lat' dir='ltr'>tuaet</span> <span class='ocrx_word' id='word_1_224' title='bbox 260 4158 386 4223; x_wconf 90' lang='lat' dir='ltr'>sitiunt.</span> <span class='ocrx_word' id='word_1_225' title='bbox 401 4160 445 4223; x_wconf 89' lang='lat' dir='ltr'>de</span> <span class='ocrx_word' id='word_1_226' title='bbox 459 4170 518 4227; x_wconf 90' lang='lat' dir='ltr'>tua</span> <span class='ocrx_word' id='word_1_227' title='bbox 532 4180 663 4242; x_wconf 89' lang='lat' dir='ltr'>semper</span> <span class='ocrx_word' id='word_1_228' title='bbox 678 4159 907 4222; x_wconf 91' lang='lat' dir='ltr'>habundantia</span> <span class='ocrx_word' id='word_1_229' title='bbox 922 4157 1117 4241; x_wconf 89' lang='lat' dir='ltr'>repleantur.</span> <span class='ocrx_word' id='word_1_230' title='bbox 1134 4178 1198 4240; x_wconf 89' lang='lat' dir='ltr'>per.</span> 
     </span>
    </p>
   </div>
   <div class='ocr_carea' id='block_1_16' title="bbox 493 4378 1025 4444">
    <p class='ocr_par' dir='ltr' id='par_1_16' title="bbox 493 4378 1025 4444">
     <span class='ocr_line' id='line_1_37' title="bbox 493 4378 1025 4444; baseline -0.011 -1"><span class='ocrx_word' id='word_1_231' title='bbox 493 4378 538 4443; x_wconf 85' lang='lat' dir='ltr'>Iu</span> <span class='ocrx_word' id='word_1_232' title='bbox 562 4378 717 4444; x_wconf 75' lang='lat' dir='ltr'>U1o1ma</span> <span class='ocrx_word' id='word_1_233' title='bbox 742 4378 1025 4440; x_wconf 78' lang='lat' dir='ltr'>Psurecosrnn.</span> 
     </span>
    </p>
   </div>
   <div class='ocr_carea' id='block_1_17' title="bbox 197 4502 981 4590">
    <p class='ocr_par' dir='ltr' id='par_1_17' title="bbox 197 4502 981 4590">
     <span class='ocr_line' id='line_1_38' title="bbox 197 4502 981 4590; baseline 0.001 -23"><span class='ocrx_word' id='word_1_234' title='bbox 197 4502 237 4567; x_wconf 93' lang='lat' dir='ltr'>ln</span> <span class='ocrx_word' id='word_1_235' title='bbox 253 4502 372 4569; x_wconf 87' lang='lat' dir='ltr'>diebus</span> <span class='ocrx_word' id='word_1_236' title='bbox 387 4504 459 4571; x_wconf 89' lang='lat' dir='ltr'>illis.</span> <span class='ocrx_word' id='word_1_237' title='bbox 503 4506 700 4590; x_wconf 85' lang='lat' dir='ltr'>Temptauit</span> <span class='ocrx_word' id='word_1_238' title='bbox 715 4506 797 4571; x_wconf 90' lang='lat' dir='ltr'>deus</span> <span class='ocrx_word' id='word_1_239' title='bbox 813 4505 981 4569; x_wconf 87' lang='lat' dir='ltr'>abraham.</span> 
     </span>
    </p>
   </div>
   <div class='ocr_carea' id='block_1_18' title="bbox 0 0 1524 5106">
    <p class='ocr_par' dir='ltr' id='par_1_18' title="bbox 0 0 1524 5106">
     <span class='ocr_line' id='line_1_39' title="bbox 0 0 1524 5106; baseline 0 3"><span class='ocrx_word' id='word_1_240' title='bbox 0 0 1524 5106; x_wconf 95' lang='lat' dir='ltr'> </span> 
     </span>
    </p>
   </div>
  </div>
 </body>
</html>
