3038 5106
156 303 203 365 176
427 302 503 353 VIII.
533 302 618 352 ΚΑΛ.
642 300 723 353 Ilm.
750 302 840 353 tm.
868 303 896 354 S.
918 304 1071 379 trunam.

672 495 853 576 praefata.

199 612 249 676 (Β
273 610 398 693 gratias
422 629 531 691 agere.
556 620 636 672 uota
665 608 802 672 soluere.
829 630 967 673 munera
989 630 1191 676 consecrare
1217 614 1359 678 domine

152 708 290 761 sanctae
305 707 400 779 pater
414 697 627 777 omnipotens
642 705 775 758 aeterne
790 696 880 759 deus.
919 696 985 779 Qui
999 698 1134 762 beatum
1148 700 1359 765 dunstanum

152 785 374 849 consessorem
404 794 500 846 tuum
527 783 734 864 praeelegisti
762 783 822 845 tibi
849 796 980 863 sacrate
1009 784 1229 849 consessionis
1253 789 1358 850 antis-

155 874 250 936 titem
278 872 404 953 ingenti
433 869 557 932 lumine
587 886 825 932 coruscantem.
857 891 986 934 morum
1010 873 1148 935 lenitate
1170 873 1359 956 pollentem

155 958 231 1022 fidei
257 958 385 1021 feruore
409 956 614 1039 flagrantem.
632 955 753 1038 eloquii
782 958 874 1021 sonte
890 958 1141 1023 redundantem.
1187 960 1253 1024 Cui
1269 982 1360 1043 quae

158 1048 202 1110 sit
217 1047 380 1129 gloriatio.
396 1045 541 1107 ostendit
558 1063 736 1105 concursus
751 1045 794 1106 ad
811 1045 985 1108 tumulum.
1031 1046 1224 1110 Purificatio
1249 1048 1361 1112 incur-

153 1154 272 1196 sorum.
291 1132 420 1195 medela
436 1131 677 1211 languentium.
694 1132 917 1194 mirandarum
945 1133 1041 1213 signa
1067 1134 1240 1198 uirtutum.
1289 1135 1359 1218 Qui

154 1232 186 1284 et
216 1221 244 1282 si
275 1220 328 1282 hic
358 1217 552 1281 naturaliter
582 1216 658 1280 iecit
689 1216 788 1280 finem
827 1239 885 1299 per
921 1220 1105 1282 transitum.
1136 1220 1203 1284 illic
1235 1223 1361 1286 uiuunt

153 1307 319 1389 pontificis
336 1306 452 1368 merita
464 1314 539 1386 post
556 1303 773 1386 sepulchrum.
803 1305 857 1367 ubi
883 1308 1068 1388 praesentia
1093 1308 1272 1372 saluatoris
1298 1321 1360 1373 est.

155 1395 223 1457 iesu
241 1393 352 1457 christi
376 1393 503 1455 domini
520 1393 632 1454 nostri.
649 1412 708 1472 pcr
723 1412 831 1473 quem.

600 1546 662 1607 Ad
679 1546 904 1625 conplendum.

197 1659 383 1743 Sollempni
407 1658 524 1721 sedulo
550 1658 710 1720 diuinitus
736 1659 880 1721 roborati
906 1668 984 1722 tuae
1014 1660 1148 1741 pietatis
1172 1683 1362 1728 exoramus

153 1748 364 1810 clementiam
400 1746 536 1808 domine
560 1745 649 1807 deus.
676 1756 712 1808 ut
740 1758 874 1808 sanctus
898 1747 1085 1810 dunstanus
1111 1749 1270 1830 pontifex
1298 1772 1362 1833 pro

154 1834 249 1897 nobis
276 1843 393 1896 exoret
421 1833 453 1895 in
479 1831 571 1894 caelo
595 1833 687 1895 cuius
713 1852 827 1894 sumus
853 1834 885 1895 in
911 1835 1006 1897 terris
1022 1837 1064 1898 ad
1081 1834 1167 1898 bene
1183 1840 1360 1918 agendum

153 1919 281 1984 erudiol
296 1920 475 2004 sexemplo.
493 1940 552 2000 per
567 1919 740 1981 dominum
755 1930 913 1983 nostrum.
1206 1922 1266 2006 [so.
1290 1928 1361 1988 126.

628 2073 690 2134 Ad
701 2084 874 2153 uesperum.

196 2187 288 2250 Deus
315 2184 462 2248 fidelium
488 2194 714 2247 remunerator
741 2186 935 2248 animarum.
964 2196 1094 2267 praesta
1117 2207 1305 2270 quesumus
1323 2202 1360 2255 ut

152 2274 239 2337 beati
256 2273 413 2335 dunstani
431 2270 628 2333 confessoris
644 2273 691 2333 tui
716 2280 816 2352 atque
834 2272 1001 2354 pontilicis
1017 2275 1110 2337 cuius
1125 2278 1359 2341 uenerandam

151 2361 376 2424 caelebramus
393 2358 616 2421 sestiuitatem.
633 2358 702 2420 eius
719 2359 892 2439 praecibus
909 2360 1152 2442 indulgentiam
1168 2383 1360 2447 consequa·

151 2468 231 2511 mur.
248 2467 313 2530 per.

709 2582 796 2644 Alia.

195 2698 287 2760 Deus
312 2697 366 2778 qui
392 2716 452 2757 nos
477 2694 565 2757 beati
590 2696 747 2757 dunstani
773 2695 969 2758 confessoris
995 2696 1042 2759 tui
1066 2707 1168 2778 atque
1183 2700 1360 2779 pontificis

150 2804 261 2848 annua
298 2783 545 2863 sollempnitate
583 2781 750 2844 laetificas.
789 2785 934 2844 concede
971 2783 1141 2864 propitius.
1181 2796 1219 2848 ut
1259 2791 1358 2853 cuius

149 2870 304 2935 natalicia
328 2869 467 2931 colimus
491 2868 533 2930 de
556 2868 703 2931 eiusdem
721 2870 822 2931 etiam
839 2873 1044 2952 protectione
1061 2872 1278 2952 gaudeamus.
1298 2898 1361 2958 per

149 2959 331 3022 dominum.

213 3202 290 3251 vur.
316 3187 407 3249 KAL.
433 3186 515 3248 Iun.
541 3185 697 3246 Nnmnu
722 3184 864 3248 Snucn
892 3185 1044 3248 Uussnnr
1069 3187 1284 3253 Mnnrrms.

192 3318 247 3380 Da
273 3335 452 3397 quesumus
479 3313 691 3394 omnipotens
716 3314 799 3375 deus
825 3324 860 3376 ut
884 3315 940 3396 qui
956 3314 1045 3377 beati
1063 3314 1178 3378 urbani
1196 3321 1360 3400 martyris

149 3406 196 3468 tui
224 3414 324 3484 atque
351 3399 517 3484 pontificis
544 3400 742 3482 sollempnia
767 3401 915 3464 colimus.
931 3403 1001 3464 eius
1027 3403 1116 3483 apud
1143 3414 1177 3466 te
1193 3405 1356 3470 interces-

149 3492 298 3555 sionibus
314 3491 516 3552 adiuuemur.
534 3507 592 3568 per
608 3487 780 3548 dominum
799 3499 958 3552 nostrum.

683 3643 819 3708 Secreta.

194 3763 289 3825 Haec
320 3759 428 3821 hostia
456 3758 590 3819 domine
615 3777 795 3838 quesumus
822 3760 983 3822 emundet
1015 3770 1127 3823 nostra
1158 3761 1291 3825 delicta.
1323 3776 1356 3828 et

149 3847 343 3911 sacrificium
372 3845 626 3907 caelebrandum
655 3845 864 3907 subditorum
895 3847 954 3909 tibi
985 3867 1123 3928 corpora
1154 3859 1355 3933 mentesque

149 3934 340 3999 sanctificet.
354 3953 412 4014 per
428 3932 609 3993 dominum.

595 4086 658 4148 ΛΔ
677 4087 903 4168 conplendum.

192 4198 321 4262 Reiecti
346 4196 600 4279 participatione
628 4199 772 4261 muneris
798 4199 880 4261 sacri
896 4219 1077 4280 quesumus
1103 4201 1240 4264 domine
1267 4204 1351 4268 deus

148 4297 260 4352 noster
277 4295 313 4349 ut
329 4285 421 4348 cuius
438 4285 637 4366 exequimur
649 4285 775 4348 cultum
793 4286 975 4349 sentiamus
992 4285 1155 4350 effectum.
1172 4309 1240 4370 per.

619 4478 627 4511 ¹
645 4482 680 4533 So
693 4484 749 4536 MS.
760 4483 798 4533 lor
808 4485 911 4535 cruditi.
