3038 5106
228 376 280 429 300
620 362 779 414 acaum
801 362 1055 417 uenenorum

689 518 790 599 Infra
811 520 977 585 actionem.

277 608 393 693 [Hanc
424 608 524 690 igitur
546 606 750 670 oblationem
781 627 882 688 quam
909 606 969 670 tibi
994 605 1163 670 offerimus
1188 627 1251 689 pro
1273 606 1331 690 [so.
1360 609 1433 671 216.

233 696 346 760 anima
371 695 486 758 lamuli
510 696 567 758 tui.
594 694 639 758 ill.
663 714 762 777 quem
788 694 887 757 hodie
913 692 1035 756 carnali
1051 695 1261 776 corruptione
1277 695 1433 759 liberasti.

233 802 413 864 quesumus
437 784 573 846 domine
599 781 749 864 placatus
775 781 925 864 accipias.
941 789 975 843 et
990 782 1146 862 quicquid
1169 780 1338 845 humanae
1353 801 1434 845 con·

232 869 368 932 ditionis
383 870 596 951 subreptione
611 869 779 932 contraxit
794 867 963 950 expedias.
988 877 1025 930 ut
1047 870 1112 930 tuis
1137 868 1311 951 purificata
1327 889 1435 932 reme·

231 956 296 1019 diis
311 958 354 1019 ad
370 957 493 1038 gaudia
508 956 710 1039 sempiterna
732 956 911 1037 perueniat.
928 975 987 1037 per
1001 954 1169 1018 christum.

677 1084 739 1146 Ad
751 1084 976 1165 corripiendum.

278 1187 406 1251 Inclina
435 1208 614 1269 quesumus
641 1188 775 1250 domine
800 1208 912 1249 aurem
939 1199 1031 1250 tuam
1062 1188 1104 1250 ad
1135 1208 1270 1271 praeces
1294 1200 1432 1252 nostras.

231 1275 353 1357 quibus
378 1275 634 1338 misericordiam
662 1286 754 1337 tuam
780 1274 945 1357 supplices
971 1275 1195 1355 deprecamur.
1221 1285 1258 1337 ut
1283 1278 1431 1338 animam

233 1361 347 1425 famuli
370 1363 426 1425 tui.
442 1362 487 1424 ill.
503 1364 596 1425 cuius
621 1362 837 1444 depositionis
863 1363 950 1424 diem
978 1362 1023 1424 ill.
1047 1362 1221 1424 recolimus
1237 1363 1270 1423 in
1287 1363 1380 1444 pacis
1396 1383 1434 1425 ac

232 1448 313 1511 lucis
329 1450 463 1531 regione
489 1451 679 1512 constituas.
695 1458 728 1511 et
752 1458 941 1511 sanctorum
969 1459 1101 1511 tuorum
1129 1448 1243 1511 iubeas
1266 1468 1340 1512 esse
1354 1469 1433 1512 con-

229 1544 362 1599 sortem.
379 1556 446 1618 per.

274 1622 357 1685 Post
369 1623 604 1686 celebrationem
627 1622 761 1703 deinque
784 1623 902 1685 creissac
915 1631 975 1684 stet
988 1622 1133 1686 sacerdos
1147 1619 1253 1697 iustn†
1265 1623 1434 1701 feretrum

229 1710 370 1773 etdicat.

277 1794 527 1879 Omnipotentis
551 1796 603 1858 dei
630 1796 886 1859 misericordiam
912 1797 1155 1879 depraecamur.
1180 1796 1273 1858 cuius
1298 1796 1431 1859 iudicio¹

232 1891 291 1946 aut
314 1882 454 1946 linimur.
471 1893 508 1945 ut
522 1884 674 1964 spiritum
699 1882 806 1946 fratris
834 1884 945 1947 nostri.
961 1883 1007 1946 ill.
1022 1903 1121 1964 quem
1138 1884 1265 1945 domini
1281 1882 1434 1964 pietatis†

232 1970 275 2034 de
301 1970 445 2033 incolatu
471 1972 586 2033 mundi
613 1970 709 2032 huius
736 1970 874 2033 transire
900 1971 1075 2052 praecepit.
1101 1971 1229 2051 requies
1245 1967 1434 2043 aeternaml

231 2058 389 2139 suscipiat
414 2066 450 2119 ut
475 2077 549 2118 cum
577 2056 675 2120 beata
700 2059 935 2119 resurrectione
962 2067 1172 2139 representet.
1189 2067 1222 2120 et
1245 2057 1278 2119 in
1304 2057 1433 2121 sinibus

230 2143 375 2206 abrahae
391 2144 479 2205 isaac
494 2153 527 2205 et
544 2144 637 2206 iacob
653 2144 814 2207 collocare
829 2145 991 2227 dignetur.
1007 2164 1073 2226 per.

275 2231 317 2313 ld.
364 2229 430 2313 Qui
446 2231 599 2293 lazarum.
646 2229 688 2308 ll.
705 2231 866 2313 Requiem
883 2241 1063 2294 aeternam.

634 2368 682 2430 Et
695 2377 745 2430 ter
758 2368 796 2430 K
786 2369 881 2448 yrrie
894 2369 1016 2431 eleison.

275 2469 385 2545 Deus‘t
411 2471 552 2533 iudicem
579 2471 810 2534 uniuersitatis.
835 2471 935 2547 deust
960 2473 1151 2536 caelestium
1177 2473 1382 2537 terrestrium
1397 2482 1432 2537 et

231 2558 444 2621 infernorum.
471 2558 644 2620 dominum
668 2559 883 2641 deprecemur
897 2580 956 2640 pro
972 2561 1088 2641 spiritu
1113 2560 1182 2623 kari
1205 2561 1317 2624 nostri.
1334 2560 1379 2624 ill.
1395 2571 1432 2623 ut

229 2666 306 2707 eum
330 2646 485 2708 dominus
501 2646 533 2706 in
551 2647 695 2726 requiem
724 2645 884 2708 collocare
910 2648 1071 2727 dignetur.
1088 2658 1122 2709 et
1139 2649 1169 2709 in
1188 2659 1280 2728 parte
1304 2648 1430 2728 primae

231 2733 474 2794 resurrectionis
492 2734 669 2794 resuscitet.
686 2752 745 2813 per
759 2734 941 2796 dominum.

272 2820 315 2901 lp.
363 2820 439 2881 Heu
457 2819 536 2881 mihi
552 2819 694 2881 domine.
740 2817 780 2895 V.
827 2819 952 2881 Anima
970 2840 1050 2882 mea.

632 2947 666 3007 E
667 2956 681 3008 t
696 2957 746 3009 ter
759 2946 797 3008 K
789 2948 883 3027 yrrie
897 2948 1017 3012 elersen.

273 3049 365 3112 Deus
381 3050 436 3130 qui
454 3049 680 3111 uniuersorum
694 3060 820 3113 creator
835 3061 868 3114 et
884 3053 1056 3133 cognitor.‘·'
1072 3054 1126 3133 qui
1144 3073 1219 3115 cum
1236 3053 1280 3114 sis
1297 3064 1426 3115 tuorum

228 3137 401 3199 beatitudo
417 3147 605 3198 sanctorum
623 3147 753 3217 praesta
778 3138 873 3200 nobis
897 3138 1087 3220 petentibus
1103 3152 1138 3201 ut
1155 3140 1306 3221 spiritum
1324 3140 1428 3202 fratris

229 3224 331 3285 nostri
359 3225 403 3285 ill.
420 3244 439 3284 a
455 3224 600 3304 corporis
624 3225 765 3286 nexibus
790 3225 978 3288 absolutum
1003 3227 1034 3286 in
1060 3228 1166 3306 prima
1194 3228 1428 3289 resurrectione

229 3310 329 3373 facias
345 3312 554 3392 praesentari.
572 3331 630 3391 per
644 3311 828 3373 dominum.
1175 3378 1176 3382 ,

273 3399 328 3480 (lq.
375 3397 428 3460 Ne
444 3398 625 3478 perdideris
642 3418 702 3459 me.
748 3396 789 3475 ΧῙ,
837 3399 992 3460 Miserere
1009 3399 1073 3461 mei
1090 3400 1178 3461 deus
1262 3399 1317 3480 [so.
1337 3401 1427 3461 216v.

633 3526 681 3587 Et
694 3535 745 3588 ter
759 3526 885 3606 Kyrrr'e
900 3528 1023 3592 cledon.

274 3630 341 3691 Fac
356 3649 536 3710 quesumus
564 3629 699 3692 domine
726 3630 810 3691 hanc
835 3651 910 3693 cum
938 3651 1033 3692 seruo
1057 3640 1115 3693 tuo
1131 3631 1288 3694 defuncto
1306 3631 1427 3692 miseri·

156 3791 158 3795 Ι
228 3718 375 3779 cordiam
394 3728 428 3778 ut
446 3716 606 3778 laetorum
635 3738 768 3778 suorum
795 3719 826 3779 in
853 3718 968 3799 poenis
995 3738 1061 3780 non
1088 3719 1224 3799 recipiat
1240 3719 1356 3780 uicem.
1373 3717 1429 3798 qui

229 3815 321 3867 tuam
350 3804 382 3864 in
408 3805 494 3865 uotis
519 3805 625 3865 tenuit
653 3804 867 3866 uoluntatem.
885 3815 921 3867 ut
948 3806 1032 3867 sicut
1059 3826 1135 3867 eum
1163 3806 1215 3867 hic
1243 3825 1321 3868 uera
1349 3803 1428 3868 fides

232 3892 339 3953 iunxit
356 3889 501 3953 fidelium
519 3892 635 3952 turmis
651 3892 698 3953 ita
713 3911 788 3953 eum
814 3890 878 3953 illic
895 3902 952 3954 tua
968 3893 1136 3954 miseratio
1151 3893 1254 3954 societ
1271 3892 1429 3973 angelicis

227 3976 344 4039 choris,
360 3998 419 4058 per
434 3978 615 4041 dominum.

531 4097 564 4159 E
565 4107 580 4158 t
591 4097 639 4159 sic
652 4098 778 4160 leuetur
790 4111 902 4180 corpus
917 4100 955 4161 de
970 4099 1125 4163 aecclesric.

272 4203 352 4265 Ant.
398 4200 537 4284 Aperite
554 4200 608 4263 illi.
654 4201 746 4264 Psal.
792 4202 1005 4266 Confitemini
1023 4204 1167 4265 domino.

273 4289 349 4351 Piae
365 4288 602 4352 recordationis
615 4286 735 4351 affectu
749 4288 913 4352 karissimi
925 4290 1278 4352 commemorationem
1292 4289 1429 4352 iacimus

261 4396 269 4428 ¹
286 4399 437 4488 §ome'qhing
449 4415 530 4449 seems
549 4405 577 4446 to
596 4398 629 4448 be
648 4398 753 4448 omitted
773 4400 849 4450 here:
868 4400 991 4465 probably
1010 4399 1053 4450 tbe
1071 4400 1175 4465 missing
1194 4400 1277 4450 words
1296 4416 1340 4450 are
1362 4402 1430 4450 “aut

225 4480 441 4580 ”Quintiles
452 4528 479 4578 in
491 4528 549 4581 us.
