<?xml version="1.0" encoding="UTF-8"?>
<!DOCTYPE html PUBLIC "-//W3C//DTD XHTML 1.0 Transitional//EN"
    "http://www.w3.org/TR/xhtml1/DTD/xhtml1-transitional.dtd">
<html xmlns="http://www.w3.org/1999/xhtml" xml:lang="en" lang="en">
 <head>
  <title>
</title>
<meta http-equiv="Content-Type" content="text/html;charset=utf-8" />
  <meta name='ocr-system' content='tesseract 3.04.00' />
  <meta name='ocr-capabilities' content='ocr_page ocr_carea ocr_par ocr_line ocrx_word'/>
</head>
<body>
  <div class='ocr_page' id='page_1' title='image "./missalrobertjum00wilsgoog_0269.png"; bbox 0 0 3038 5106; ppageno 0'>
   <div class='ocr_carea' id='block_1_1' title="bbox 389 363 1355 423">
    <p class='ocr_par' dir='ltr' id='par_1_1' title="bbox 389 363 1355 423">
     <span class='ocr_line' id='line_1_1' title="bbox 389 363 1355 423; baseline 0.001 -9"><span class='ocrx_word' id='word_1_1' title='bbox 389 364 459 415; x_wconf 83' lang='lat' dir='ltr'><em>IIII.</em></span> <span class='ocrx_word' id='word_1_2' title='bbox 488 365 577 417; x_wconf 82' lang='lat' dir='ltr'>NON.</span> <span class='ocrx_word' id='word_1_3' title='bbox 607 366 682 419; x_wconf 88' lang='lat' dir='ltr'>IUL.</span> <span class='ocrx_word' id='word_1_4' title='bbox 716 366 845 417; x_wconf 83' lang='lat' dir='ltr'><em>TRANS.</em></span> <span class='ocrx_word' id='word_1_5' title='bbox 876 368 903 417; x_wconf 87' lang='lat' dir='ltr'>S.</span> <span class='ocrx_word' id='word_1_6' title='bbox 933 366 1109 416; x_wconf 84' lang='lat' dir='ltr'>MARTJNI.</span> <span class='ocrx_word' id='word_1_7' title='bbox 1310 363 1355 423; x_wconf 83' lang='lat'>187</span> 
     </span>
    </p>
   </div>
   <div class='ocr_carea' id='block_1_2' title="bbox 152 515 1358 859">
    <p class='ocr_par' dir='ltr' id='par_1_2' title="bbox 152 515 1358 859">
     <span class='ocr_line' id='line_1_2' title="bbox 152 515 1357 599; baseline -0.001 -20"><span class='ocrx_word' id='word_1_8' title='bbox 152 516 347 597; x_wconf 87' lang='lat' dir='ltr'>peragenda</span> <span class='ocrx_word' id='word_1_9' title='bbox 381 536 421 581; x_wconf 89' lang='lat' dir='ltr'>ea</span> <span class='ocrx_word' id='word_1_10' title='bbox 449 537 537 599; x_wconf 91' lang='lat' dir='ltr'>quae</span> <span class='ocrx_word' id='word_1_11' title='bbox 572 518 688 583; x_wconf 91' lang='lat' dir='ltr'>docuit</span> <span class='ocrx_word' id='word_1_12' title='bbox 724 520 795 582; x_wconf 89' lang='lat' dir='ltr'>eius</span> <span class='ocrx_word' id='word_1_13' title='bbox 832 518 973 581; x_wconf 92' lang='lat' dir='ltr'>obtentu</span> <span class='ocrx_word' id='word_1_14' title='bbox 1011 516 1164 581; x_wconf 84' lang='lat' dir='ltr'>fidelibus</span> <span class='ocrx_word' id='word_1_15' title='bbox 1193 515 1357 580; x_wconf 86' lang='lat' dir='ltr'>tribuatur</span> 
     </span>
     <span class='ocr_line' id='line_1_3' title="bbox 152 600 1358 687; baseline 0.001 -23"><span class='ocrx_word' id='word_1_16' title='bbox 152 600 310 666; x_wconf 88' lang='lat' dir='ltr'>efficacia.</span> <span class='ocrx_word' id='word_1_17' title='bbox 356 603 554 686; x_wconf 91' lang='lat' dir='ltr'>Sentiatque</span> <span class='ocrx_word' id='word_1_18' title='bbox 569 606 775 669; x_wconf 89' lang='lat' dir='ltr'>credentium</span> <span class='ocrx_word' id='word_1_19' title='bbox 791 606 940 687; x_wconf 86' lang='lat' dir='ltr'>gentium</span> <span class='ocrx_word' id='word_1_20' title='bbox 964 604 1145 668; x_wconf 87' lang='lat' dir='ltr'>multitudo</span> <span class='ocrx_word' id='word_1_21' title='bbox 1160 622 1236 666; x_wconf 91' lang='lat' dir='ltr'>eum</span> <span class='ocrx_word' id='word_1_22' title='bbox 1246 623 1306 684; x_wconf 89' lang='lat' dir='ltr'>pro</span> <span class='ocrx_word' id='word_1_23' title='bbox 1322 622 1358 665; x_wconf 91' lang='lat' dir='ltr'>se</span> 
     </span>
     <span class='ocr_line' id='line_1_4' title="bbox 152 690 1357 774; baseline 0.001 -23"><span class='ocrx_word' id='word_1_24' title='bbox 152 690 247 770; x_wconf 88' lang='lat' dir='ltr'>apud</span> <span class='ocrx_word' id='word_1_25' title='bbox 271 700 304 753; x_wconf 93' lang='lat' dir='ltr'>te</span> <span class='ocrx_word' id='word_1_26' title='bbox 327 690 577 755; x_wconf 83' lang='lat' dir='ltr'>intercessorem</span> <span class='ocrx_word' id='word_1_27' title='bbox 600 712 700 774; x_wconf 89' lang='lat' dir='ltr'>quern</span> <span class='ocrx_word' id='word_1_28' title='bbox 717 693 838 756; x_wconf 90' lang='lat' dir='ltr'>habere</span> <span class='ocrx_word' id='word_1_29' title='bbox 856 712 891 755; x_wconf 86' lang='lat' dir='ltr'>se</span> <span class='ocrx_word' id='word_1_30' title='bbox 916 693 1011 755; x_wconf 91' lang='lat' dir='ltr'>nouit</span> <span class='ocrx_word' id='word_1_31' title='bbox 1036 692 1231 774; x_wconf 82' lang='lat' dir='ltr'>magistrum</span> <span class='ocrx_word' id='word_1_32' title='bbox 1255 699 1357 770; x_wconf 91' lang='lat' dir='ltr'>atque</span> 
     </span>
     <span class='ocr_line' id='line_1_5' title="bbox 153 775 955 859; baseline 0.004 -21"><span class='ocrx_word' id='word_1_33' title='bbox 153 775 340 841; x_wconf 91' lang='lat' dir='ltr'>doctorem.</span> <span class='ocrx_word' id='word_1_34' title='bbox 356 798 414 859; x_wconf 91' lang='lat' dir='ltr'>per</span> <span class='ocrx_word' id='word_1_35' title='bbox 429 778 589 842; x_wconf 88' lang='lat' dir='ltr'>christum</span> <span class='ocrx_word' id='word_1_36' title='bbox 606 780 780 842; x_wconf 89' lang='lat' dir='ltr'>dominum</span> <span class='ocrx_word' id='word_1_37' title='bbox 797 789 955 842; x_wconf 91' lang='lat' dir='ltr'>nostrum.</span> 
     </span>
    </p>
   </div>
   <div class='ocr_carea' id='block_1_3' title="bbox 612 898 909 979">
    <p class='ocr_par' dir='ltr' id='par_1_3' title="bbox 612 898 909 979">
     <span class='ocr_line' id='line_1_6' title="bbox 612 898 909 979; baseline -0.01 -17"><span class='ocrx_word' id='word_1_38' title='bbox 612 900 673 962; x_wconf 79' lang='lat' dir='ltr'>Ad</span> <span class='ocrx_word' id='word_1_39' title='bbox 682 898 909 979; x_wconf 82' lang='lat' dir='ltr'>complendum.</span> 
     </span>
    </p>
   </div>
   <div class='ocr_carea' id='block_1_4' title="bbox 154 994 1357 1256">
    <p class='ocr_par' dir='ltr' id='par_1_4' title="bbox 154 994 1357 1256">
     <span class='ocr_line' id='line_1_7' title="bbox 203 994 1357 1080; baseline 0.001 -24"><span class='ocrx_word' id='word_1_40' title='bbox 203 994 369 1079; x_wconf 88' lang='lat' dir='ltr'>Perceptis</span> <span class='ocrx_word' id='word_1_41' title='bbox 384 998 520 1061; x_wconf 91' lang='lat' dir='ltr'>domine</span> <span class='ocrx_word' id='word_1_42' title='bbox 532 1000 748 1062; x_wconf 87' lang='lat' dir='ltr'><strong>sacramentis</strong></span> <span class='ocrx_word' id='word_1_43' title='bbox 765 998 870 1061; x_wconf 93' lang='lat' dir='ltr'>beatis</span> <span class='ocrx_word' id='word_1_44' title='bbox 885 997 1045 1080; x_wconf 90' lang='lat' dir='ltr'>apostolis</span> <span class='ocrx_word' id='word_1_45' title='bbox 1062 996 1357 1059; x_wconf 87' lang='lat' dir='ltr'>interuenientibus</span> 
     </span>
     <span class='ocr_line' id='line_1_8' title="bbox 155 1082 1357 1167; baseline 0 -24"><span class='ocrx_word' id='word_1_46' title='bbox 155 1082 403 1164; x_wconf 84' lang='lat' dir='ltr'>depraecamur.</span> <span class='ocrx_word' id='word_1_47' title='bbox 420 1095 457 1148; x_wconf 94' lang='lat' dir='ltr'>ut</span> <span class='ocrx_word' id='word_1_48' title='bbox 480 1106 567 1167; x_wconf 89' lang='lat' dir='ltr'>quae</span> <span class='ocrx_word' id='word_1_49' title='bbox 590 1106 651 1167; x_wconf 89' lang='lat' dir='ltr'>pro</span> <span class='ocrx_word' id='word_1_50' title='bbox 675 1086 805 1149; x_wconf 86' lang='lat' dir='ltr'>illorum</span> <span class='ocrx_word' id='word_1_51' title='bbox 833 1085 1000 1147; x_wconf 87' lang='lat' dir='ltr'>celebrata</span> <span class='ocrx_word' id='word_1_52' title='bbox 1027 1094 1104 1147; x_wconf 85' lang='lat' dir='ltr'>sunt</span> <span class='ocrx_word' id='word_1_53' title='bbox 1130 1084 1234 1166; x_wconf 83' lang='lat' dir='ltr'>gloria</span> <span class='ocrx_word' id='word_1_54' title='bbox 1262 1082 1357 1145; x_wconf 92' lang='lat' dir='ltr'>nobis</span> 
     </span>
     <span class='ocr_line' id='line_1_9' title="bbox 154 1168 1024 1256; baseline 0.005 -26"><span class='ocrx_word' id='word_1_55' title='bbox 154 1168 332 1251; x_wconf 87' lang='lat' dir='ltr'>proficiant</span> <span class='ocrx_word' id='word_1_56' title='bbox 348 1173 390 1234; x_wconf 88' lang='lat' dir='ltr'>ad</span> <span class='ocrx_word' id='word_1_57' title='bbox 408 1172 583 1235; x_wconf 91' lang='lat' dir='ltr'>medelam.</span> <span class='ocrx_word' id='word_1_58' title='bbox 600 1194 658 1256; x_wconf 90' lang='lat' dir='ltr'>per</span> <span class='ocrx_word' id='word_1_59' title='bbox 674 1174 847 1236; x_wconf 92' lang='lat' dir='ltr'>dominum</span> <span class='ocrx_word' id='word_1_60' title='bbox 865 1183 1024 1235; x_wconf 85' lang='lat' dir='ltr'>nostrum.</span> 
     </span>
    </p>
   </div>
   <div class='ocr_carea' id='block_1_5' title="bbox 153 1362 1357 1430">
    <p class='ocr_par' dir='ltr' id='par_1_5' title="bbox 153 1362 1357 1430">
     <span class='ocr_line' id='line_1_10' title="bbox 153 1362 1357 1430; baseline -0.001 -8"><span class='ocrx_word' id='word_1_61' title='bbox 153 1374 205 1424; x_wconf 75' lang='lat' dir='ltr'>vr.</span> <span class='ocrx_word' id='word_1_62' title='bbox 223 1362 318 1426; x_wconf 76' lang='lat' dir='ltr'>Nox.</span> <span class='ocrx_word' id='word_1_63' title='bbox 330 1365 406 1428; x_wconf 76' lang='lat' dir='ltr'>luc.</span> <span class='ocrx_word' id='word_1_64' title='bbox 424 1364 582 1428; x_wconf 63' lang='lat' dir='ltr'>Nartiae</span> <span class='ocrx_word' id='word_1_65' title='bbox 598 1365 835 1430; x_wconf 76' lang='lat' dir='ltr'>Snucaouuu</span> <span class='ocrx_word' id='word_1_66' title='bbox 855 1367 1032 1428; x_wconf 76' lang='lat' dir='ltr'>Pnocussr</span> <span class='ocrx_word' id='word_1_67' title='bbox 1043 1378 1090 1426; x_wconf 78' lang='lat' dir='ltr'>ur</span> <span class='ocrx_word' id='word_1_68' title='bbox 1107 1363 1357 1426; x_wconf 71' lang='lat' dir='ltr'>Manrrnniur.</span> 
     </span>
    </p>
   </div>
   <div class='ocr_carea' id='block_1_6' title="bbox 153 1486 1358 1747">
    <p class='ocr_par' dir='ltr' id='par_1_6' title="bbox 153 1486 1358 1747">
     <span class='ocr_line' id='line_1_11' title="bbox 202 1486 1358 1574; baseline -0.004 -23"><span class='ocrx_word' id='word_1_69' title='bbox 202 1488 294 1552; x_wconf 89' lang='lat' dir='ltr'>Deus</span> <span class='ocrx_word' id='word_1_70' title='bbox 304 1491 361 1571; x_wconf 89' lang='lat' dir='ltr'>qui</span> <span class='ocrx_word' id='word_1_71' title='bbox 378 1511 438 1554; x_wconf 90' lang='lat' dir='ltr'>nos</span> <span class='ocrx_word' id='word_1_72' title='bbox 448 1501 640 1555; x_wconf 88' lang='lat' dir='ltr'>sanctorum</span> <span class='ocrx_word' id='word_1_73' title='bbox 651 1502 785 1556; x_wconf 90' lang='lat' dir='ltr'>tuorum</span> <span class='ocrx_word' id='word_1_74' title='bbox 802 1491 946 1574; x_wconf 83' lang='lat' dir='ltr'>processi</span> <span class='ocrx_word' id='word_1_75' title='bbox 957 1501 990 1553; x_wconf 87' lang='lat' dir='ltr'>et</span> <span class='ocrx_word' id='word_1_76' title='bbox 1004 1488 1192 1552; x_wconf 92' lang='lat' dir='ltr'>martiniani</span> <span class='ocrx_word' id='word_1_77' title='bbox 1203 1486 1358 1549; x_wconf 84' lang='lat' dir='ltr'>consessi-</span> 
     </span>
     <span class='ocr_line' id='line_1_12' title="bbox 153 1574 1358 1661; baseline -0.002 -25"><span class='ocrx_word' id='word_1_78' title='bbox 153 1574 277 1638; x_wconf 90' lang='lat' dir='ltr'>onibus</span> <span class='ocrx_word' id='word_1_79' title='bbox 298 1578 450 1658; x_wconf 86' lang='lat' dir='ltr'>gloriosis</span> <span class='ocrx_word' id='word_1_80' title='bbox 477 1579 663 1641; x_wconf 89' lang='lat' dir='ltr'>circumdas</span> <span class='ocrx_word' id='word_1_81' title='bbox 679 1590 713 1642; x_wconf 91' lang='lat' dir='ltr'>et</span> <span class='ocrx_word' id='word_1_82' title='bbox 728 1580 884 1661; x_wconf 82' lang='lat' dir='ltr'>protegis</span> <span class='ocrx_word' id='word_1_83' title='bbox 897 1580 941 1641; x_wconf 93' lang='lat' dir='ltr'>da</span> <span class='ocrx_word' id='word_1_84' title='bbox 958 1577 1053 1640; x_wconf 91' lang='lat' dir='ltr'>nobis</span> <span class='ocrx_word' id='word_1_85' title='bbox 1069 1587 1102 1639; x_wconf 92' lang='lat' dir='ltr'>et</span> <span class='ocrx_word' id='word_1_86' title='bbox 1118 1595 1233 1638; x_wconf 88' lang='lat' dir='ltr'>eorum</span> <span class='ocrx_word' id='word_1_87' title='bbox 1250 1574 1358 1635; x_wconf 90' lang='lat' dir='ltr'>imita-</span> 
     </span>
     <span class='ocr_line' id='line_1_13' title="bbox 153 1661 985 1747; baseline 0.006 -25"><span class='ocrx_word' id='word_1_88' title='bbox 153 1661 248 1724; x_wconf 88' lang='lat' dir='ltr'>tione</span> <span class='ocrx_word' id='word_1_89' title='bbox 263 1663 429 1744; x_wconf 84' lang='lat' dir='ltr'>proficere.</span> <span class='ocrx_word' id='word_1_90' title='bbox 446 1675 479 1729; x_wconf 92' lang='lat' dir='ltr'>et</span> <span class='ocrx_word' id='word_1_91' title='bbox 496 1666 730 1729; x_wconf 88' lang='lat' dir='ltr'>intercessione</span> <span class='ocrx_word' id='word_1_92' title='bbox 746 1668 898 1747; x_wconf 85' lang='lat' dir='ltr'>gaudere.</span> <span class='ocrx_word' id='word_1_93' title='bbox 920 1685 985 1746; x_wconf 90' lang='lat' dir='ltr'>per.</span> 
     </span>
    </p>
   </div>
   <div class='ocr_carea' id='block_1_7' title="bbox 677 1788 1357 1878">
    <p class='ocr_par' dir='ltr' id='par_1_7' title="bbox 677 1788 1357 1878">
     <span class='ocr_line' id='line_1_14' title="bbox 677 1788 1357 1878; baseline -0.015 -20"><span class='ocrx_word' id='word_1_94' title='bbox 677 1793 832 1878; x_wconf 76' lang='lat' dir='ltr'>[Secreta.</span> <span class='ocrx_word' id='word_1_95' title='bbox 1192 1788 1247 1871; x_wconf 83' lang='lat' dir='ltr'>[so.</span> <span class='ocrx_word' id='word_1_96' title='bbox 1269 1804 1357 1866; x_wconf 86' lang='lat' dir='ltr'>134v.</span> 
     </span>
    </p>
   </div>
   <div class='ocr_carea' id='block_1_8' title="bbox 202 1889 1358 1975">
    <p class='ocr_par' dir='ltr' id='par_1_8' title="bbox 202 1889 1358 1975">
     <span class='ocr_line' id='line_1_15' title="bbox 202 1889 1358 1975; baseline -0.005 -21"><span class='ocrx_word' id='word_1_97' title='bbox 202 1889 341 1973; x_wconf 90' lang='lat' dir='ltr'>Suscipe</span> <span class='ocrx_word' id='word_1_98' title='bbox 365 1893 501 1955; x_wconf 91' lang='lat' dir='ltr'>domine</span> <span class='ocrx_word' id='word_1_99' title='bbox 526 1914 661 1975; x_wconf 88' lang='lat' dir='ltr'>praeces</span> <span class='ocrx_word' id='word_1_100' title='bbox 688 1904 722 1958; x_wconf 92' lang='lat' dir='ltr'>et</span> <span class='ocrx_word' id='word_1_101' title='bbox 748 1914 885 1956; x_wconf 88' lang='lat' dir='ltr'>munera</span> <span class='ocrx_word' id='word_1_102' title='bbox 909 1914 995 1974; x_wconf 92' lang='lat' dir='ltr'>quae</span> <span class='ocrx_word' id='word_1_103' title='bbox 1023 1903 1059 1956; x_wconf 92' lang='lat' dir='ltr'>ut</span> <span class='ocrx_word' id='word_1_104' title='bbox 1084 1901 1143 1955; x_wconf 94' lang='lat' dir='ltr'>tuo</span> <span class='ocrx_word' id='word_1_105' title='bbox 1167 1891 1233 1952; x_wconf 90' lang='lat' dir='ltr'>sint</span> <span class='ocrx_word' id='word_1_106' title='bbox 1256 1889 1358 1969; x_wconf 85' lang='lat' dir='ltr'>digna</span> 
     </span>
    </p>
   </div>
   <div class='ocr_carea' id='block_1_9' title="bbox 155 1977 1358 2127">
    <p class='ocr_par' dir='ltr' id='par_1_9' title="bbox 155 1977 1358 2127">
     <span class='ocr_line' id='line_1_16' title="bbox 155 1977 1358 2077; baseline -0.002 -38"><span class='ocrx_word' id='word_1_107' title='bbox 155 1980 357 2077; x_wconf 77' lang='lat' dir='ltr'>conspectui.</span> <span class='ocrx_word' id='word_1_108' title='bbox 382 1992 573 2043; x_wconf 86' lang='lat' dir='ltr'>sanctorum</span> <span class='ocrx_word' id='word_1_109' title='bbox 598 1990 731 2044; x_wconf 88' lang='lat' dir='ltr'>tuorum</span> <span class='ocrx_word' id='word_1_110' title='bbox 756 1981 929 2062; x_wconf 87' lang='lat' dir='ltr'>praecibus</span> <span class='ocrx_word' id='word_1_111' title='bbox 952 1981 1159 2043; x_wconf 89' lang='lat' dir='ltr'>adiuuemur.</span> <span class='ocrx_word' id='word_1_112' title='bbox 1183 1996 1242 2059; x_wconf 91' lang='lat' dir='ltr'>per</span> <span class='ocrx_word' id='word_1_113' title='bbox 1264 1977 1358 2039; x_wconf 90' lang='lat' dir='ltr'>dom-</span> 
     </span>
     <span class='ocr_line' id='line_1_17' title="bbox 156 2083 259 2127; baseline 0.01 -1"><span class='ocrx_word' id='word_1_114' title='bbox 156 2083 259 2127; x_wconf 80' lang='lat' dir='ltr'>inum.</span> 
     </span>
    </p>
   </div>
   <div class='ocr_carea' id='block_1_10' title="bbox 156 2170 1360 2526">
    <p class='ocr_par' dir='ltr' id='par_1_10' title="bbox 156 2170 1360 2526">
     <span class='ocr_line' id='line_1_18' title="bbox 612 2170 909 2252; baseline -0.027 -17"><span class='ocrx_word' id='word_1_115' title='bbox 612 2172 675 2235; x_wconf 85' lang='lat' dir='ltr'>Ad</span> <span class='ocrx_word' id='word_1_116' title='bbox 686 2170 909 2252; x_wconf 78' lang='lat' dir='ltr'>complendum.</span> 
     </span>
     <span class='ocr_line' id='line_1_19' title="bbox 202 2268 1359 2352; baseline -0.008 -19"><span class='ocrx_word' id='word_1_117' title='bbox 202 2268 357 2351; x_wconf 81' lang='lat' dir='ltr'>Corporis</span> <span class='ocrx_word' id='word_1_118' title='bbox 372 2271 455 2333; x_wconf 88' lang='lat' dir='ltr'>sacri</span> <span class='ocrx_word' id='word_1_119' title='bbox 471 2280 504 2334; x_wconf 88' lang='lat' dir='ltr'>et</span> <span class='ocrx_word' id='word_1_120' title='bbox 520 2271 676 2352; x_wconf 87' lang='lat' dir='ltr'>praetiosi</span> <span class='ocrx_word' id='word_1_121' title='bbox 687 2271 858 2351; x_wconf 81' lang='lat' dir='ltr'>sanguinis</span> <span class='ocrx_word' id='word_1_122' title='bbox 874 2269 989 2351; x_wconf 88' lang='lat' dir='ltr'>repleti</span> <span class='ocrx_word' id='word_1_123' title='bbox 1006 2268 1163 2330; x_wconf 87' lang='lat' dir='ltr'>libamine</span> <span class='ocrx_word' id='word_1_124' title='bbox 1178 2284 1359 2347; x_wconf 87' lang='lat' dir='ltr'>quesumus</span> 
     </span>
     <span class='ocr_line' id='line_1_20' title="bbox 156 2354 1360 2438; baseline -0.004 -20"><span class='ocrx_word' id='word_1_125' title='bbox 156 2355 294 2418; x_wconf 90' lang='lat' dir='ltr'>domine</span> <span class='ocrx_word' id='word_1_126' title='bbox 324 2357 407 2419; x_wconf 90' lang='lat' dir='ltr'>deus</span> <span class='ocrx_word' id='word_1_127' title='bbox 438 2369 558 2420; x_wconf 90' lang='lat' dir='ltr'>noster.</span> <span class='ocrx_word' id='word_1_128' title='bbox 590 2369 626 2421; x_wconf 88' lang='lat' dir='ltr'>ut</span> <span class='ocrx_word' id='word_1_129' title='bbox 656 2359 747 2438; x_wconf 90' lang='lat' dir='ltr'>quod</span> <span class='ocrx_word' id='word_1_130' title='bbox 785 2359 840 2438; x_wconf 91' lang='lat' dir='ltr'>pia</span> <span class='ocrx_word' id='word_1_131' title='bbox 878 2356 1057 2419; x_wconf 91' lang='lat' dir='ltr'>deuotione</span> <span class='ocrx_word' id='word_1_132' title='bbox 1094 2354 1240 2436; x_wconf 85' lang='lat' dir='ltr'>gerimus</span> <span class='ocrx_word' id='word_1_133' title='bbox 1270 2359 1360 2415; x_wconf 88' lang='lat' dir='ltr'>certa</span> 
     </span>
     <span class='ocr_line' id='line_1_21' title="bbox 158 2442 1023 2526; baseline 0.001 -22"><span class='ocrx_word' id='word_1_134' title='bbox 158 2442 388 2524; x_wconf 89' lang='lat' dir='ltr'>redemptione</span> <span class='ocrx_word' id='word_1_135' title='bbox 404 2445 582 2526; x_wconf 87' lang='lat' dir='ltr'>capiamus.</span> <span class='ocrx_word' id='word_1_136' title='bbox 599 2465 658 2526; x_wconf 89' lang='lat' dir='ltr'>per</span> <span class='ocrx_word' id='word_1_137' title='bbox 673 2444 847 2506; x_wconf 90' lang='lat' dir='ltr'>dominum</span> <span class='ocrx_word' id='word_1_138' title='bbox 864 2453 1023 2506; x_wconf 91' lang='lat' dir='ltr'>nostrum.</span> 
     </span>
    </p>
   </div>
   <div class='ocr_carea' id='block_1_11' title="bbox 196 2639 1323 2705">
    <p class='ocr_par' dir='ltr' id='par_1_11' title="bbox 196 2639 1323 2705">
     <span class='ocr_line' id='line_1_22' title="bbox 196 2639 1323 2705; baseline -0.004 -5"><span class='ocrx_word' id='word_1_139' title='bbox 196 2651 261 2701; x_wconf 92' lang='lat'>1111.</span> <span class='ocrx_word' id='word_1_140' title='bbox 287 2639 382 2702; x_wconf 69' lang='lat' dir='ltr'>Nos.</span> <span class='ocrx_word' id='word_1_141' title='bbox 409 2642 485 2705; x_wconf 75' lang='lat' dir='ltr'>luc.</span> <span class='ocrx_word' id='word_1_142' title='bbox 509 2642 755 2704; x_wconf 66' lang='lat' dir='ltr'>Tnnnsrnaru</span> <span class='ocrx_word' id='word_1_143' title='bbox 780 2641 920 2705; x_wconf 72' lang='lat' dir='ltr'>Saucrr</span> <span class='ocrx_word' id='word_1_144' title='bbox 947 2641 1119 2703; x_wconf 77' lang='lat' dir='ltr'>Mnnarur</span> <span class='ocrx_word' id='word_1_145' title='bbox 1145 2639 1323 2701; x_wconf 72' lang='lat' dir='ltr'>Et’lscot’l.</span> 
     </span>
    </p>
   </div>
   <div class='ocr_carea' id='block_1_12' title="bbox 156 2759 1360 3107">
    <p class='ocr_par' dir='ltr' id='par_1_12' title="bbox 156 2759 1360 3107">
     <span class='ocr_line' id='line_1_23' title="bbox 205 2759 1360 2847; baseline -0.006 -21"><span class='ocrx_word' id='word_1_146' title='bbox 205 2763 296 2827; x_wconf 92' lang='lat' dir='ltr'>Deus</span> <span class='ocrx_word' id='word_1_147' title='bbox 311 2765 368 2845; x_wconf 89' lang='lat' dir='ltr'>qui</span> <span class='ocrx_word' id='word_1_148' title='bbox 385 2766 510 2847; x_wconf 91' lang='lat' dir='ltr'>populo</span> <span class='ocrx_word' id='word_1_149' title='bbox 525 2775 584 2828; x_wconf 92' lang='lat' dir='ltr'>tuo</span> <span class='ocrx_word' id='word_1_150' title='bbox 600 2776 754 2828; x_wconf 84' lang='lat' dir='ltr'>aeternae</span> <span class='ocrx_word' id='word_1_151' title='bbox 769 2765 886 2827; x_wconf 93' lang='lat' dir='ltr'>salutis</span> <span class='ocrx_word' id='word_1_152' title='bbox 902 2764 1036 2826; x_wconf 91' lang='lat' dir='ltr'>beatum</span> <span class='ocrx_word' id='word_1_153' title='bbox 1052 2763 1229 2825; x_wconf 89' lang='lat' dir='ltr'>martinum</span> <span class='ocrx_word' id='word_1_154' title='bbox 1248 2759 1360 2821; x_wconf 91' lang='lat' dir='ltr'>minis·</span> 
     </span>
     <span class='ocr_line' id='line_1_24' title="bbox 156 2846 1360 2934; baseline -0.005 -21"><span class='ocrx_word' id='word_1_155' title='bbox 156 2860 247 2913; x_wconf 89' lang='lat' dir='ltr'>trum</span> <span class='ocrx_word' id='word_1_156' title='bbox 257 2853 457 2915; x_wconf 87' lang='lat' dir='ltr'>concessisti.</span> <span class='ocrx_word' id='word_1_157' title='bbox 471 2863 602 2934; x_wconf 87' lang='lat' dir='ltr'>praesta</span> <span class='ocrx_word' id='word_1_158' title='bbox 612 2862 952 2933; x_wconf 78' lang='lat' dir='ltr'>quesumusutqucm</span> <span class='ocrx_word' id='word_1_159' title='bbox 964 2852 1133 2913; x_wconf 89' lang='lat' dir='ltr'>doctorem</span> <span class='ocrx_word' id='word_1_160' title='bbox 1145 2850 1233 2911; x_wconf 90' lang='lat' dir='ltr'>uitae</span> <span class='ocrx_word' id='word_1_161' title='bbox 1243 2846 1360 2908; x_wconf 89' lang='lat' dir='ltr'>habui-</span> 
     </span>
     <span class='ocr_line' id='line_1_25' title="bbox 159 2932 1360 3019; baseline -0.006 -18"><span class='ocrx_word' id='word_1_162' title='bbox 159 2956 235 3001; x_wconf 91' lang='lat' dir='ltr'>mus</span> <span class='ocrx_word' id='word_1_163' title='bbox 257 2939 289 3001; x_wconf 95' lang='lat' dir='ltr'>in</span> <span class='ocrx_word' id='word_1_164' title='bbox 313 2939 415 3001; x_wconf 85' lang='lat' dir='ltr'>terris</span> <span class='ocrx_word' id='word_1_165' title='bbox 432 2940 679 3002; x_wconf 88' lang='lat' dir='ltr'>intercessorem</span> <span class='ocrx_word' id='word_1_166' title='bbox 704 2959 836 3019; x_wconf 89' lang='lat' dir='ltr'>semper</span> <span class='ocrx_word' id='word_1_167' title='bbox 858 2938 979 3001; x_wconf 89' lang='lat' dir='ltr'>habere</span> <span class='ocrx_word' id='word_1_168' title='bbox 1003 2956 1188 2999; x_wconf 89' lang='lat' dir='ltr'>mereamur</span> <span class='ocrx_word' id='word_1_169' title='bbox 1204 2935 1235 2997; x_wconf 95' lang='lat' dir='ltr'>in</span> <span class='ocrx_word' id='word_1_170' title='bbox 1253 2932 1360 2996; x_wconf 78' lang='lat' dir='ltr'>caelis,</span> 
     </span>
     <span class='ocr_line' id='line_1_26' title="bbox 157 3026 583 3107; baseline 0.005 -20"><span class='ocrx_word' id='word_1_171' title='bbox 157 3043 219 3107; x_wconf 87' lang='lat' dir='ltr'>per</span> <span class='ocrx_word' id='word_1_172' title='bbox 233 3026 407 3088; x_wconf 89' lang='lat' dir='ltr'>dominum</span> <span class='ocrx_word' id='word_1_173' title='bbox 424 3036 583 3089; x_wconf 89' lang='lat' dir='ltr'>nostrum.</span> 
     </span>
    </p>
   </div>
   <div class='ocr_carea' id='block_1_13' title="bbox 634 3134 885 3217">
    <p class='ocr_par' dir='ltr' id='par_1_13' title="bbox 634 3134 885 3217">
     <span class='ocr_line' id='line_1_27' title="bbox 634 3134 885 3217; baseline -0.016 -16"><span class='ocrx_word' id='word_1_174' title='bbox 634 3137 741 3217; x_wconf 78' lang='lat' dir='ltr'>Super</span> <span class='ocrx_word' id='word_1_175' title='bbox 752 3134 885 3210; x_wconf 83' lang='lat' dir='ltr'>oblata.†</span> 
     </span>
    </p>
   </div>
   <div class='ocr_carea' id='block_1_14' title="bbox 156 3235 1363 3579">
    <p class='ocr_par' dir='ltr' id='par_1_14' title="bbox 156 3235 1363 3579">
     <span class='ocr_line' id='line_1_28' title="bbox 205 3235 1361 3318; baseline -0.005 -19"><span class='ocrx_word' id='word_1_176' title='bbox 205 3236 346 3318; x_wconf 88' lang='lat' dir='ltr'>Respice</span> <span class='ocrx_word' id='word_1_177' title='bbox 361 3236 496 3298; x_wconf 92' lang='lat' dir='ltr'>domine</span> <span class='ocrx_word' id='word_1_178' title='bbox 511 3256 693 3318; x_wconf 88' lang='lat' dir='ltr'>quesumus</span> <span class='ocrx_word' id='word_1_179' title='bbox 708 3235 870 3318; x_wconf 91' lang='lat' dir='ltr'>populum</span> <span class='ocrx_word' id='word_1_180' title='bbox 895 3245 989 3298; x_wconf 94' lang='lat' dir='ltr'>tuum</span> <span class='ocrx_word' id='word_1_181' title='bbox 1014 3236 1056 3297; x_wconf 89' lang='lat' dir='ltr'>ad</span> <span class='ocrx_word' id='word_1_182' title='bbox 1080 3244 1138 3297; x_wconf 91' lang='lat' dir='ltr'>tua</span> <span class='ocrx_word' id='word_1_183' title='bbox 1153 3241 1361 3295; x_wconf 88' lang='lat' dir='ltr'>sacramenta</span> 
     </span>
     <span class='ocr_line' id='line_1_29' title="bbox 156 3320 1361 3404; baseline -0.006 -17"><span class='ocrx_word' id='word_1_184' title='bbox 156 3333 344 3387; x_wconf 90' lang='lat' dir='ltr'>currentem</span> <span class='ocrx_word' id='word_1_185' title='bbox 373 3323 405 3384; x_wconf 93' lang='lat' dir='ltr'>in</span> <span class='ocrx_word' id='word_1_186' title='bbox 433 3325 597 3404; x_wconf 88' lang='lat' dir='ltr'>praesenti</span> <span class='ocrx_word' id='word_1_187' title='bbox 624 3323 804 3386; x_wconf 88' lang='lat' dir='ltr'>sestiuitate</span> <span class='ocrx_word' id='word_1_188' title='bbox 828 3323 933 3386; x_wconf 92' lang='lat' dir='ltr'>sancti</span> <span class='ocrx_word' id='word_1_189' title='bbox 962 3320 1158 3384; x_wconf 83' lang='lat' dir='ltr'>confessoris</span> <span class='ocrx_word' id='word_1_190' title='bbox 1185 3320 1233 3382; x_wconf 92' lang='lat' dir='ltr'>tui</span> <span class='ocrx_word' id='word_1_191' title='bbox 1261 3330 1361 3400; x_wconf 92' lang='lat' dir='ltr'>atque</span> 
     </span>
     <span class='ocr_line' id='line_1_30' title="bbox 158 3407 1363 3492; baseline -0.005 -19"><span class='ocrx_word' id='word_1_192' title='bbox 158 3409 325 3492; x_wconf 88' lang='lat' dir='ltr'>pontificis</span> <span class='ocrx_word' id='word_1_193' title='bbox 342 3410 482 3472; x_wconf 89' lang='lat' dir='ltr'>martini.</span> <span class='ocrx_word' id='word_1_194' title='bbox 499 3421 535 3473; x_wconf 88' lang='lat' dir='ltr'>ut</span> <span class='ocrx_word' id='word_1_195' title='bbox 551 3411 641 3490; x_wconf 89' lang='lat' dir='ltr'>quod</span> <span class='ocrx_word' id='word_1_196' title='bbox 659 3411 690 3472; x_wconf 91' lang='lat' dir='ltr'>in</span> <span class='ocrx_word' id='word_1_197' title='bbox 705 3410 829 3472; x_wconf 89' lang='lat' dir='ltr'>honore</span> <span class='ocrx_word' id='word_1_198' title='bbox 842 3410 889 3472; x_wconf 88' lang='lat' dir='ltr'>tui</span> <span class='ocrx_word' id='word_1_199' title='bbox 901 3410 1044 3471; x_wconf 91' lang='lat' dir='ltr'>nominis</span> <span class='ocrx_word' id='word_1_200' title='bbox 1053 3407 1252 3471; x_wconf 90' lang='lat' dir='ltr'>detulerunt.</span> <span class='ocrx_word' id='word_1_201' title='bbox 1263 3426 1363 3469; x_wconf 91' lang='lat' dir='ltr'>cunc·</span> 
     </span>
     <span class='ocr_line' id='line_1_31' title="bbox 157 3497 625 3579; baseline -0.002 -18"><span class='ocrx_word' id='word_1_202' title='bbox 157 3498 201 3561; x_wconf 91' lang='lat' dir='ltr'>tis</span> <span class='ocrx_word' id='word_1_203' title='bbox 216 3497 321 3579; x_wconf 87' lang='lat' dir='ltr'>prosit</span> <span class='ocrx_word' id='word_1_204' title='bbox 336 3497 378 3559; x_wconf 92' lang='lat' dir='ltr'>ad</span> <span class='ocrx_word' id='word_1_205' title='bbox 401 3497 541 3559; x_wconf 88' lang='lat' dir='ltr'>ueniam.</span> <span class='ocrx_word' id='word_1_206' title='bbox 559 3517 625 3579; x_wconf 89' lang='lat' dir='ltr'>per.</span> 
     </span>
    </p>
   </div>
   <div class='ocr_carea' id='block_1_15' title="bbox 661 3608 840 3688">
    <p class='ocr_par' dir='ltr' id='par_1_15' title="bbox 661 3608 840 3688">
     <span class='ocr_line' id='line_1_32' title="bbox 661 3608 840 3688; baseline 0.006 -18"><span class='ocrx_word' id='word_1_207' title='bbox 661 3608 840 3688; x_wconf 79' lang='lat' dir='ltr'>Praefatio.</span> 
     </span>
    </p>
   </div>
   <div class='ocr_carea' id='block_1_16' title="bbox 156 3703 1360 4138">
    <p class='ocr_par' dir='ltr' id='par_1_16' title="bbox 156 3703 1360 4138">
     <span class='ocr_line' id='line_1_33' title="bbox 203 3703 1360 3790; baseline -0.006 -18"><span class='ocrx_word' id='word_1_208' title='bbox 203 3708 253 3772; x_wconf 74' lang='lat' dir='ltr'>ff&gt;</span> <span class='ocrx_word' id='word_1_209' title='bbox 278 3717 412 3770; x_wconf 88' lang='lat' dir='ltr'>aeterne</span> <span class='ocrx_word' id='word_1_210' title='bbox 436 3709 526 3771; x_wconf 80' lang='lat' dir='ltr'>deus,</span> <span class='ocrx_word' id='word_1_211' title='bbox 574 3708 734 3773; x_wconf 90' lang='lat' dir='ltr'>Uotiuam</span> <span class='ocrx_word' id='word_1_212' title='bbox 761 3709 848 3770; x_wconf 89' lang='lat' dir='ltr'>beati</span> <span class='ocrx_word' id='word_1_213' title='bbox 872 3706 1039 3790; x_wconf 87' lang='lat' dir='ltr'>pontificis</span> <span class='ocrx_word' id='word_1_214' title='bbox 1063 3707 1194 3769; x_wconf 90' lang='lat' dir='ltr'>martini</span> <span class='ocrx_word' id='word_1_215' title='bbox 1222 3703 1360 3768; x_wconf 87' lang='lat' dir='ltr'>transla-</span> 
     </span>
     <span class='ocr_line' id='line_1_34' title="bbox 156 3794 1360 3876; baseline -0.005 -19"><span class='ocrx_word' id='word_1_216' title='bbox 156 3794 282 3857; x_wconf 88' lang='lat' dir='ltr'>tionem</span> <span class='ocrx_word' id='word_1_217' title='bbox 299 3794 355 3875; x_wconf 91' lang='lat' dir='ltr'>pia</span> <span class='ocrx_word' id='word_1_218' title='bbox 370 3795 549 3857; x_wconf 88' lang='lat' dir='ltr'>deuotione</span> <span class='ocrx_word' id='word_1_219' title='bbox 565 3795 798 3858; x_wconf 87' lang='lat' dir='ltr'>caelebrantes.</span> <span class='ocrx_word' id='word_1_220' title='bbox 814 3804 913 3876; x_wconf 88' lang='lat' dir='ltr'>teque</span> <span class='ocrx_word' id='word_1_221' title='bbox 934 3814 1054 3857; x_wconf 87' lang='lat' dir='ltr'>cernua</span> <span class='ocrx_word' id='word_1_222' title='bbox 1070 3794 1248 3856; x_wconf 91' lang='lat' dir='ltr'>deuotione</span> <span class='ocrx_word' id='word_1_223' title='bbox 1264 3812 1360 3853; x_wconf 83' lang='lat' dir='ltr'>exor-</span> 
     </span>
     <span class='ocr_line' id='line_1_35' title="bbox 158 3879 1360 3965; baseline -0.006 -20"><span class='ocrx_word' id='word_1_224' title='bbox 158 3892 262 3945; x_wconf 88' lang='lat' dir='ltr'>antes.</span> <span class='ocrx_word' id='word_1_225' title='bbox 287 3891 324 3944; x_wconf 94' lang='lat' dir='ltr'>ut</span> <span class='ocrx_word' id='word_1_226' title='bbox 343 3883 452 3963; x_wconf 91' lang='lat' dir='ltr'>ipsum</span> <span class='ocrx_word' id='word_1_227' title='bbox 484 3903 544 3944; x_wconf 89' lang='lat' dir='ltr'>nos</span> <span class='ocrx_word' id='word_1_228' title='bbox 568 3883 658 3965; x_wconf 91' lang='lat' dir='ltr'>apud</span> <span class='ocrx_word' id='word_1_229' title='bbox 689 3883 900 3945; x_wconf 89' lang='lat' dir='ltr'>clementiam</span> <span class='ocrx_word' id='word_1_230' title='bbox 931 3891 1024 3944; x_wconf 92' lang='lat' dir='ltr'>tuam</span> <span class='ocrx_word' id='word_1_231' title='bbox 1041 3882 1223 3943; x_wconf 87' lang='lat' dir='ltr'>sentiamus</span> <span class='ocrx_word' id='word_1_232' title='bbox 1239 3879 1360 3940; x_wconf 90' lang='lat' dir='ltr'>habere</span> 
     </span>
     <span class='ocr_line' id='line_1_36' title="bbox 158 3965 1360 4051; baseline -0.003 -21"><span class='ocrx_word' id='word_1_233' title='bbox 158 3976 345 4051; x_wconf 91' lang='lat' dir='ltr'>patronum.</span> <span class='ocrx_word' id='word_1_234' title='bbox 362 3987 462 4049; x_wconf 93' lang='lat' dir='ltr'>quem</span> <span class='ocrx_word' id='word_1_235' title='bbox 478 3979 537 4033; x_wconf 90' lang='lat' dir='ltr'>tua</span> <span class='ocrx_word' id='word_1_236' title='bbox 551 3971 659 4051; x_wconf 86' lang='lat' dir='ltr'>gratia</span> <span class='ocrx_word' id='word_1_237' title='bbox 681 3969 841 4051; x_wconf 83' lang='lat' dir='ltr'>largiente</span> <span class='ocrx_word' id='word_1_238' title='bbox 863 3969 979 4031; x_wconf 85' lang='lat' dir='ltr'>salutis</span> <span class='ocrx_word' id='word_1_239' title='bbox 1002 3978 1155 4030; x_wconf 84' lang='lat' dir='ltr'>aeternae</span> <span class='ocrx_word' id='word_1_240' title='bbox 1179 3965 1360 4028; x_wconf 90' lang='lat' dir='ltr'>meruimus</span> 
     </span>
     <span class='ocr_line' id='line_1_37' title="bbox 158 4055 1153 4138; baseline 0 -22"><span class='ocrx_word' id='word_1_241' title='bbox 158 4056 325 4137; x_wconf 89' lang='lat' dir='ltr'>suscipere</span> <span class='ocrx_word' id='word_1_242' title='bbox 341 4055 536 4138; x_wconf 85' lang='lat' dir='ltr'>magistrum</span> <span class='ocrx_word' id='word_1_243' title='bbox 553 4077 611 4138; x_wconf 92' lang='lat' dir='ltr'>per</span> <span class='ocrx_word' id='word_1_244' title='bbox 627 4057 786 4119; x_wconf 89' lang='lat' dir='ltr'>christum</span> <span class='ocrx_word' id='word_1_245' title='bbox 803 4058 976 4119; x_wconf 93' lang='lat' dir='ltr'>dominum</span> <span class='ocrx_word' id='word_1_246' title='bbox 994 4064 1153 4118; x_wconf 89' lang='lat' dir='ltr'>nostrum.</span> 
     </span>
    </p>
   </div>
   <div class='ocr_carea' id='block_1_17' title="bbox 614 4168 911 4249">
    <p class='ocr_par' dir='ltr' id='par_1_17' title="bbox 614 4168 911 4249">
     <span class='ocr_line' id='line_1_38' title="bbox 614 4168 911 4249; baseline -0.003 -19"><span class='ocrx_word' id='word_1_247' title='bbox 614 4168 676 4231; x_wconf 80' lang='lat' dir='ltr'>Ad</span> <span class='ocrx_word' id='word_1_248' title='bbox 685 4168 911 4249; x_wconf 82' lang='lat' dir='ltr'>complendum.</span> 
     </span>
    </p>
   </div>
   <div class='ocr_carea' id='block_1_18' title="bbox 159 4266 1360 4609">
    <p class='ocr_par' dir='ltr' id='par_1_18' title="bbox 159 4266 1360 4609">
     <span class='ocr_line' id='line_1_39' title="bbox 204 4266 1359 4349; baseline -0.004 -19"><span class='ocrx_word' id='word_1_249' title='bbox 204 4266 422 4331; x_wconf 87' lang='lat' dir='ltr'>Sacramenta</span> <span class='ocrx_word' id='word_1_250' title='bbox 447 4267 562 4331; x_wconf 89' lang='lat' dir='ltr'>salutis</span> <span class='ocrx_word' id='word_1_251' title='bbox 588 4279 721 4331; x_wconf 92' lang='lat' dir='ltr'>nostrae</span> <span class='ocrx_word' id='word_1_252' title='bbox 751 4268 977 4349; x_wconf 88' lang='lat' dir='ltr'>suscipientes.</span> <span class='ocrx_word' id='word_1_253' title='bbox 1003 4267 1149 4329; x_wconf 89' lang='lat' dir='ltr'>concede</span> <span class='ocrx_word' id='word_1_254' title='bbox 1178 4284 1359 4346; x_wconf 84' lang='lat' dir='ltr'>quesumus</span> 
     </span>
     <span class='ocr_line' id='line_1_40' title="bbox 160 4352 1360 4418; baseline -0.003 -1"><span class='ocrx_word' id='word_1_255' title='bbox 160 4354 344 4418; x_wconf 88' lang='lat' dir='ltr'>misericors</span> <span class='ocrx_word' id='word_1_256' title='bbox 360 4354 452 4417; x_wconf 89' lang='lat' dir='ltr'>deus.</span> <span class='ocrx_word' id='word_1_257' title='bbox 469 4364 507 4418; x_wconf 96' lang='lat' dir='ltr'>ut</span> <span class='ocrx_word' id='word_1_258' title='bbox 530 4355 617 4418; x_wconf 90' lang='lat' dir='ltr'>beati</span> <span class='ocrx_word' id='word_1_259' title='bbox 643 4354 774 4418; x_wconf 91' lang='lat' dir='ltr'>martini</span> <span class='ocrx_word' id='word_1_260' title='bbox 798 4355 994 4418; x_wconf 83' lang='lat' dir='ltr'>confessoris</span> <span class='ocrx_word' id='word_1_261' title='bbox 1017 4354 1064 4417; x_wconf 91' lang='lat' dir='ltr'>tui</span> <span class='ocrx_word' id='word_1_262' title='bbox 1090 4374 1149 4415; x_wconf 90' lang='lat' dir='ltr'>nos</span> <span class='ocrx_word' id='word_1_263' title='bbox 1169 4352 1360 4415; x_wconf 86' lang='lat' dir='ltr'>intercessio</span> 
     </span>
     <span class='ocr_line' id='line_1_41' title="bbox 159 4439 1359 4523; baseline -0.003 -20"><span class='ocrx_word' id='word_1_264' title='bbox 159 4440 282 4523; x_wconf 93' lang='lat' dir='ltr'>ubique</span> <span class='ocrx_word' id='word_1_265' title='bbox 296 4442 442 4505; x_wconf 87' lang='lat' dir='ltr'>adiuuet.</span> <span class='ocrx_word' id='word_1_266' title='bbox 458 4442 490 4503; x_wconf 93' lang='lat' dir='ltr'>in</span> <span class='ocrx_word' id='word_1_267' title='bbox 508 4442 602 4505; x_wconf 90' lang='lat' dir='ltr'>cuius</span> <span class='ocrx_word' id='word_1_268' title='bbox 617 4442 831 4505; x_wconf 89' lang='lat' dir='ltr'>ueneratione</span> <span class='ocrx_word' id='word_1_269' title='bbox 846 4441 928 4505; x_wconf 88' lang='lat' dir='ltr'>haec</span> <span class='ocrx_word' id='word_1_270' title='bbox 951 4450 1027 4504; x_wconf 91' lang='lat' dir='ltr'>tuae</span> <span class='ocrx_word' id='word_1_271' title='bbox 1043 4439 1226 4504; x_wconf 87' lang='lat' dir='ltr'>obtulimus</span> <span class='ocrx_word' id='word_1_272' title='bbox 1243 4439 1359 4501; x_wconf 89' lang='lat' dir='ltr'>maies-</span> 
     </span>
     <span class='ocr_line' id='line_1_42' title="bbox 159 4527 500 4609; baseline 0.006 -18"><span class='ocrx_word' id='word_1_273' title='bbox 159 4527 230 4591; x_wconf 89' lang='lat' dir='ltr'>tati.</span> <span class='ocrx_word' id='word_1_274' title='bbox 244 4546 303 4609; x_wconf 90' lang='lat' dir='ltr'>per</span> <span class='ocrx_word' id='word_1_275' title='bbox 317 4528 500 4593; x_wconf 92' lang='lat' dir='ltr'>dominum.</span> 
     </span>
    </p>
   </div>
   <div class='ocr_carea' id='block_1_19' title="bbox 0 0 1532 5106">
    <p class='ocr_par' dir='ltr' id='par_1_19' title="bbox 0 0 1532 5106">
     <span class='ocr_line' id='line_1_43' title="bbox 0 0 1532 5106; baseline 0 0"><span class='ocrx_word' id='word_1_276' title='bbox 0 0 1532 5106; x_wconf 95' lang='lat' dir='ltr'> </span> 
     </span>
    </p>
   </div>
  </div>
 </body>
</html>
