3038 5106
208 331 253 382 128
474 330 565 381 ΗΘΜ.
586 330 636 381 XI.
656 331 753 381 POST
768 332 845 383 OCT.
862 332 1146 386 PENYECOSYEN.

667 499 775 583 Super
780 503 945 585 populum.

252 607 407 673 Concede
430 624 611 687 quesumus
636 606 850 687 omnipotens
874 607 956 669 deus
987 618 1024 671 ut
1047 609 1137 672 uiam
1161 618 1254 673 tuam
1285 610 1418 674 deuota

207 706 319 758 mente
350 702 524 755 currentes.
549 691 802 774 subripientium
829 693 1026 758 delictorum
1051 696 1189 777 laqueos
1214 699 1417 761 euadamus.

208 804 266 866 per
282 782 454 844 dominum
477 788 635 841 nostrum.

382 935 579 997 Dournrcu
596 933 637 996 X.
655 947 746 997 posu
762 933 935 999 Oceanus
959 935 1244 1000 Peurecosrnu.

252 1050 394 1111 Pateant
421 1067 516 1109 aures
541 1047 784 1109 misericordiae
808 1056 887 1110 tuae
917 1048 1053 1110 domine
1079 1049 1252 1130 praecibus
1283 1049 1416 1132 suppli·

208 1138 364 1200 cantium.
395 1146 428 1196 et
463 1143 499 1195 ut
531 1144 644 1215 petent
632 1133 720 1195 tibus
751 1134 938 1197 desiderata
973 1137 1139 1199 concedas
1177 1137 1229 1199 lac
1259 1157 1318 1199 eos
1350 1135 1415 1199 tibi

208 1243 387 1307 quesumus
401 1221 522 1327 placita
538 1220 714 1302 postulare
732 1241 790 1302 per
804 1221 987 1285 dominum.

737 1341 874 1405 Secreta.

253 1443 408 1511 Concede
425 1441 520 1503 nobis
543 1440 623 1502 haec
648 1461 828 1521 quesumus
845 1442 980 1505 domine
1005 1443 1215 1525 frequentare
1239 1445 1413 1525 mysteria.

208 1534 286 1617 quia
323 1531 477 1613 quotiens
514 1527 611 1590 huius
648 1527 776 1590 hostiae
814 1532 1044 1593 commoratio¹
1077 1530 1291 1595 caelebratur.
1323 1552 1414 1615 opus

209 1630 342 1685 nostrae
359 1615 594 1697 redemptionis
610 1625 791 1677 exercetur.
808 1636 872 1696 per.

713 1745 894 1828 Praefatio.

251 1865 300 1930 (D
325 1871 457 1925 aeterne
482 1860 572 1922 deus
627 1858 672 1921 Et
698 1860 755 1921 tibi
779 1861 871 1922 debit
859 1870 926 1924 tam
952 1863 1146 1925 seruitutem
1172 1883 1232 1946 per
1256 1865 1412 1942 mysterii

206 1951 304 2014 huius
335 1948 561 2030 impletionem
591 1945 785 2028 persoluere.
840 1947 928 2029 Quia
959 1969 1025 2010 non
1051 1950 1158 2012 solum
1190 1951 1413 2032 peccantibus

207 2039 339 2102 ueniam
371 2034 494 2097 tribuis
522 2034 580 2095 sed
606 2034 707 2094 etiam
740 2036 885 2115 praemia
917 2036 1108 2117 petentibus
1139 2037 1314 2118 inpertiris.
1364 2038 1411 2100 Et

207 2126 296 2208 quod
336 2122 463 2206 perpeti
495 2121 589 2181 malis
620 2119 775 2201 operibus
806 2142 1038 2202 promeremur.
1071 2122 1249 2205 magnifica
1280 2126 1411 2206 pietate

206 2211 354 2294 depellis.
372 2219 407 2271 ut
424 2228 484 2269 nos
507 2208 548 2268 ad
577 2216 654 2268 tuae
681 2210 864 2285 reuerentie
887 2211 955 2272 cult
943 2220 1013 2272 tum
1038 2220 1071 2273 et
1095 2220 1219 2273 terrore
1243 2231 1347 2294 cogas
1375 2222 1410 2275 et

207 2319 319 2362 amore
335 2297 504 2379 perducas.
522 2315 580 2376 per
596 2293 753 2356 christum
771 2295 944 2358 dominum
962 2306 1122 2361 nostrum.

660 2415 692 2476 A
696 2414 723 2475 d
733 2415 959 2496 conplendum.

251 2519 314 2581 Tui
346 2516 441 2578 nobis
471 2514 606 2576 domine
630 2516 821 2576 communio
845 2517 1052 2580 sacramenti.
1080 2525 1114 2580 et
1141 2516 1409 2600 purificationem

208 2606 356 2670 conserat
372 2614 405 2666 et
421 2602 544 2665 tribuat
561 2602 731 2664 unitatem.
749 2622 807 2683 per
822 2603 1002 2666 dominum.

673 2721 780 2801 Super
785 2723 948 2804 populum.

252 2831 421 2894 Conserua
441 2846 620 2907 quesumus
637 2828 771 2888 domine
787 2836 919 2889 tuorum
943 2829 1044 2891 corda
1061 2827 1215 2890 fidelium.
1232 2838 1266 2891 et
1279 2832 1410 2910 gratiae

208 2931 285 2980 tuae
300 2918 422 2978 uirtute
439 2913 621 2975 corrobora.
646 2925 682 2975 ut
705 2926 737 2976 et
754 2915 786 2975 in
804 2924 862 2976 tua
878 2916 943 2976 sint
965 2915 1209 2996 supplicatione
1232 2916 1356 2979 deuoti.
1374 2932 1410 2981 et

208 3014 324 3067 mutua
340 3002 516 3064 dilectione
533 3001 659 3061 sinceri.
677 3021 735 3081 per
751 3001 923 3064 dominum
941 3013 1099 3064 nostrum.

354 3155 552 3217 Donmren
576 3153 636 3216 ΧΙ.
663 3167 752 3215 rosr
770 3151 941 3218 Ocrnnns
966 3156 1248 3219 Pentecosten.

250 3267 357 3350 (Deus
374 3266 428 3346 qui
447 3265 724 3345 omnipotentiam
741 3274 833 3328 tuam
852 3268 1019 3348 parcendo
1037 3269 1184 3329 maxime
1201 3279 1233 3330 et
1258 3267 1315 3349 [fo.
1332 3286 1407 3349 92v.

208 3355 394 3417 miserando
426 3351 627 3413 manifestas.
661 3352 843 3432 multiplica
869 3375 967 3435 super
992 3375 1051 3416 nos
1076 3356 1217 3435 gratiam
1241 3365 1344 3418 tuam.
1371 3370 1408 3420 ut

207 3445 248 3505 ad
266 3454 323 3504 tua
347 3440 507 3521 promissa
524 3450 698 3501 currentes
722 3440 894 3515 celestium
919 3442 1081 3503 bonorum
1107 3441 1207 3504 saclas
1231 3463 1303 3504 esse
1326 3464 1406 3505 con·

206 3539 317 3592 sortes.
335 3547 392 3609 per
409 3526 591 3588 dominum.

734 3637 872 3702 Secreta.

248 3745 323 3808 Tibi
343 3742 478 3805 domine
494 3740 653 3803 sacrificia
669 3741 780 3803 dicata
797 3743 984 3806 reddantur.
1002 3764 1087 3825 quae
1108 3744 1154 3806 sic
1176 3744 1217 3806 ad
1242 3744 1405 3809 honorem

205 3832 347 3896 nominis
363 3831 410 3892 tui
436 3828 614 3890 deserenda
640 3830 792 3892 tribuisti.
819 3841 856 3892 ut
883 3834 1000 3894 eadem
1026 3831 1093 3894 fieri
1122 3833 1267 3895 remedia
1290 3846 1406 3897 nostra

205 3930 397 4003 praestares,
422 3937 488 3999 per.

711 4028 894 4108 Praefattb.

248 4136 297 4198 tl)
321 4142 454 4196 aeterne
470 4131 559 4192 deus,
606 4130 707 4194 Cuius
731 4134 875 4214 primum
905 4145 980 4197 tuae
1008 4136 1112 4218 pietat
1099 4135 1142 4197 tis
1169 4135 1327 4199 indicium
1354 4149 1405 4200 est

204 4245 229 4283 5ι
223 4223 306 4283 tibi
332 4242 391 4282 nos
410 4219 510 4280 iacias
527 4227 597 4279 toto
614 4220 713 4280 corde
728 4240 800 4282 esse
824 4221 1000 4286 subiectos
1016 4234 1048 4286 et
1074 4222 1225 4304 spiritum
1252 4224 1284 4284 in
1308 4225 1405 4286 nobis

203 4321 276 4372 tmt
279 4330 318 4370 ae
341 4306 528 4369 deuotionis
553 4304 715 4368 infundas
742 4317 779 4370 ut
804 4310 967 4392 propitius
990 4310 1136 4393 largiaris
1162 4321 1405 4392 consequenter

202 4397 372 4460 auxilium.
391 4415 448 4477 per
462 4392 631 4456 christum.

655 4507 662 4538 ¹
681 4512 701 4559 F
702 4528 730 4561 or
741 4516 942 4565 conrnremoratrb.
