3038 5106
518 328 661 381 MISSAE
680 328 758 382 PRO
777 328 1006 383 onmem.
1316 336 1366 393 305

161 480 208 545 r'lL
244 480 419 547 beatorum
455 480 677 549 tabernacutis
713 484 923 550 constitutus.
959 484 1104 550 euasisse
1139 502 1177 548 se
1211 482 1362 548 carnales

160 566 320 651 glorietur
332 568 512 653 angustias
538 569 696 654 diemque
720 570 832 637 iudicii
858 591 935 635 curn
959 571 1080 636 fiducia
1105 580 1187 635 uoto
1212 568 1361 655 gratula·
1403 642 1406 647 ,

160 654 262 719 tionis
275 665 441 740 expectet„
456 676 516 741 per
529 656 698 723 christum.

617 794 681 859 Ad
689 795 914 876 complendum.

206 904 389 989 Propitiare
410 905 545 970 domine
571 906 868 990 supplicationibus
893 906 1013 970 nostris
1028 916 1063 971 et
1077 906 1228 970 animam
1244 905 1362 969 famuli

159 992 209 1057 tui
223 993 412 1057 sacerdotis
428 994 461 1056 in
476 994 629 1058 uiuorum
645 993 779 1077 regione
800 994 942 1057 aeternis
957 994 1087 1077 gaudiis
1105 993 1218 1058 iubeas
1234 993 1361 1058 sociari.

162 1099 229 1162 per.

653 1297 749 1363 Itan
773 1311 870 1361 rum.

206 1425 298 1490 Deus
334 1427 391 1509 qui
428 1426 589 1491 famulum
627 1436 730 1491 tuum.
761 1426 806 1491 ill.
844 1426 1050 1491 sacerdotem
1079 1434 1114 1489 et
1143 1424 1359 1490 sanctificasti

160 1514 335 1577 uocatione
360 1514 609 1578 misericordiae.
639 1523 673 1578 et
703 1514 910 1597 assumpsisti
947 1513 1234 1577 consummatione
1271 1512 1357 1576 felici

159 1600 289 1683 suscipe
315 1602 477 1684 propitius
503 1621 637 1683 praeces
663 1611 800 1664 nostras.
826 1610 860 1664 et
884 1610 995 1684 presta
1019 1609 1056 1664 ut
1077 1600 1162 1664 sicut
1177 1599 1232 1663 ilie
1247 1609 1358 1664 tecum

159 1696 211 1751 est
236 1688 369 1751 meritis.
397 1688 445 1751 ita
469 1710 490 1752 a
514 1688 609 1752 nobis
634 1707 700 1751 non
731 1688 864 1752 recedat
893 1687 1068 1771 exemplis.
1096 1707 1155 1771 per
1183 1686 1358 1752 dominum

160 1782 320 1839 nostrum.

673 1908 854 1998 [διενεία]1

202 2020 373 2103 [Concede
388 2044 567 2106 quesumus
576 2023 788 2107 omnipotens
798 2025 888 2089 deus.
901 2033 938 2088 ut
953 2024 1065 2088 anima
1081 2023 1196 2089 famuli
1212 2023 1267 2106 [fo.
1286 2040 1357 2088 220.

158 2110 216 2173 tui
233 2110 277 2174 ill.
304 2111 484 2175 sacerdotis
511 2131 569 2193 per
591 2110 675 2174 haec
701 2121 817 2174 sancta
855 2111 1013 2192 mysteria
1038 2111 1071 2173 in
1098 2120 1158 2176 tuo
1176 2120 1356 2195 conspectu

158 2215 291 2279 semper
305 2197 395 2260 clara
409 2198 569 2262 consistat
584 2218 670 2280 quae
685 2196 827 2261 fideliter
843 2198 1051 2261 ministrauit.
1067 2217 1134 2281 per.

667 2359 849 2440 Praefatae.

204 2471 254 2535 (θ
279 2480 411 2535 aeterne
437 2473 527 2536 deus.
572 2470 649 2535 Tibi
673 2471 772 2555 igitur
794 2490 927 2553 praeces
950 2469 1114 2553 supplices
1131 2470 1307 2534 fundimus.
1323 2480 1356 2535 et

159 2558 369 2621 maiestatem
385 2569 477 2622 tuam
502 2559 633 2623 deuotis
658 2559 825 2622 mentibus
848 2577 1035 2621 exoramus.
1052 2567 1088 2620 ut
1115 2558 1227 2620 anima
1242 2558 1356 2623 famuli

158 2644 208 2708 tui
232 2644 278 2708 ill.
299 2646 479 2710 sacerdotis
503 2646 619 2709 mortis
645 2645 786 2709 uinculis
810 2645 965 2708 omnibus
992 2643 1154 2708 absoluta.
1178 2646 1354 2708 transitum

159 2741 324 2796 mereatur
338 2732 460 2796 habere
482 2736 526 2796 ad
551 2733 662 2795 uitam.
678 2740 713 2795 et
737 2733 770 2795 in
793 2728 947 2805 obuium†
962 2731 1023 2794 tibi
1038 2731 1241 2813 placentium
1257 2732 1356 2796 bene·

157 2817 304 2882 dictione
319 2828 489 2883 aeternum
506 2828 696 2883 numeretur
710 2820 753 2883 ad
770 2838 916 2900 regnum.
933 2838 993 2901 per
1007 2817 1173 2882 christum.

610 2972 673 3037 Ad
682 2972 906 3055 complendum.

202 3084 310 3148 Prosit
336 3104 516 3166 quesumus
541 3084 677 3148 domine
707 3085 839 3147 animae
869 3082 984 3147 famuli
1015 3084 1071 3146 tui.
1101 3082 1147 3147 ill.
1173 3084 1355 3149 sacerdotis

157 3170 401 3236 misericordiae
426 3180 504 3235 tuae
528 3171 704 3254 implorata
727 3171 913 3235 clementia
930 3180 968 3235 ut
990 3171 1061 3234 eius
1077 3170 1110 3233 in
1125 3190 1194 3254 quo
1208 3172 1353 3254 sperauit

155 3268 191 3322 et
206 3258 346 3323 credidit
360 3267 532 3322 aeternum
547 3259 657 3342 capiat
673 3268 707 3321 te
723 3259 899 3322 miserante
915 3258 1126 3323 consortium.
1142 3278 1208 3341 per.

643 3524 739 3587 lrnrr
762 3537 858 3588 num.

200 3662 254 3727 Da
279 3683 460 3747 quesumus
483 3662 695 3746 omnipotens
719 3663 801 3725 deus
816 3672 853 3726 ut
869 3661 1011 3726 famulus
1030 3672 1114 3727 tuus.
1130 3664 1182 3727 cui
1198 3664 1350 3727 aecclesi-

155 3751 278 3814 asticae
307 3770 385 3815 cure
413 3749 540 3813 talenta
575 3749 749 3813 tradidisti.
778 3769 855 3812 cum
887 3749 1061 3832 multiplici
1092 3749 1212 3814 laboris
1242 3750 1349 3814 fructu

155 3839 278 3921 gaudia
304 3837 430 3902 domini
457 3837 507 3900 sui
532 3834 748 3921 ingrediatur¹
772 3844 914 3901 aeterna.
938 3837 994 3918 qui
1018 3836 1120 3901 totius
1143 3838 1258 3902 mundi
1273 3838 1349 3902 tuiit

153 3924 255 3989 etiam
271 3924 461 3990 immolatus
476 3932 659 4007 peccatum.
675 3942 741 4006 per.

684 4072 822 4138 Secreta.

199 4188 294 4253 Haec
308 4188 434 4254 oblatio
455 4188 590 4255 domine
608 4187 754 4252 animam
770 4184 886 4248 famuli
901 4185 957 4249 tui.
974 4184 1018 4249 ill.
1034 4186 1077 4249 ab
1092 4186 1246 4251 omnibus
1261 4186 1353 4251 uitiis

152 4275 320 4341 humanae
334 4276 533 4341 conditionis
548 4274 708 4340 absoluat.
720 4292 787 4357 per.

316 4442 325 4477 ¹
342 4444 464 4513 naara«
473 4442 580 4497 minor
590 4442 617 4493 rn
627 4442 685 4495 us

195 4504 1221 4659 mmai-{mmmfflmffiemwm'mffieffi‘}
