3038 5106
220 344 270 385 212
464 330 542 384 XVI.
569 330 656 383 mr.
685 330 763 383 OCT.
789 330 879 385 ΝΑῙΞ
905 330 935 383 S.
959 330 1174 385 suffumat

676 490 975 575 adsumendum

266 592 470 678 lQuesumus
493 594 707 677 omnipotens
721 594 813 659 deus.
829 603 867 659 ut
888 613 975 679 quos
988 594 1105 659 diuina
1122 562 1240 661 tribuis
1255 592 1314 678 [so.
1334 608 1424 674 151v.

221 680 475 766 participatione
501 680 647 765 gaudere
671 681 828 746 humanis
854 700 922 746 non
952 682 1042 746 sinas
1065 680 1235 747 subiacere
1261 680 1426 765 periculis.

221 789 288 852 per.

221 935 327 987 xvrrr.
344 921 436 987 Kar„
450 921 537 987 Ocr.
550 922 704 987 Namare
720 921 959 989 Ssucrouuu
976 922 1147 989 coitur-:m
1162 936 1211 987 ur
1226 922 1424 989 cremam.

267 1048 509 1115 Infirmitatem.
527 1060 675 1115 nostram
691 1071 872 1135 quesumus
894 1052 1030 1116 domine
1052 1052 1216 1136 propitius
1238 1051 1373 1134 respice
1390 1057 1425 1114 et

223 1136 312 1201 mala
326 1137 440 1201 omnia
453 1156 540 1220 quae
562 1137 647 1202 iuste
666 1159 839 1204 meremur.
854 1148 1045 1203 sanctorum
1069 1148 1201 1203 tuorum
1228 1137 1365 1203 comelii
1389 1144 1424 1200 et

222 1224 371 1307 cypriani
388 1224 622 1289 intercessione
637 1235 758 1290 auerte
769 1246 829 1309 per
843 1226 1029 1290 dominum.

750 1343 888 1410 Secreta.

266 1447 399 1512 Adesto
422 1447 558 1511 domine
583 1447 880 1530 supplicationibus
904 1449 1033 1513 nostris.
1058 1468 1141 1531 quas
1168 1449 1202 1510 in
1228 1457 1422 1512 sanctorum

222 1544 354 1599 tuorum
386 1536 704 1598 commemoratione
733 1534 920 1600 deserimus
951 1543 989 1599 ut
1018 1538 1075 1619 qui
1108 1546 1241 1599 nostrae
1276 1535 1422 1599 iustitiae

223 1620 379 1685 fiduciam
395 1641 462 1685 non
479 1621 648 1684 habemus.
664 1642 778 1685 eorum
795 1623 851 1705 qui
874 1622 935 1687 tibi
959 1623 1153 1705 placuerunt
1178 1622 1303 1685 meritis
1328 1622 1424 1686 adiu·

223 1727 346 1773 uemur.
362 1727 427 1791 per.

736 1820 918 1901 Praefatio.

267 1932 317 1996 (D
348 1941 481 1995 aeterne
510 1931 603 1995 deus.
648 1931 823 2016 Tuamque
847 1934 880 1995 in
908 1941 1097 1996 sanctorum
1128 1943 1260 1997 tuorum
1285 1932 1421 1997 comelii

223 2017 321 2082 simul
345 2029 380 2082 et
404 2019 552 2102 cypriani
579 2018 759 2083 lestiuitate
785 2020 976 2102 praedicare
997 2019 1163 2084 uirtutem.
1179 2039 1264 2102 quos
1280 2020 1421 2084 diuersis

223 2114 382 2169 terrarum
399 2105 548 2188 partibus
563 2125 680 2189 greges
702 2109 808 2169 sacro¹
824 2106 938 2170 diuino
964 2125 1051 2188 pane
1066 2116 1248 2189 pascentes.
1264 2126 1331 2169 una
1355 2104 1421 2170 fide

222 2192 406 2274 eademque
422 2192 476 2256 die
493 2192 563 2274 pari
587 2192 731 2255 nominis
749 2193 797 2256 tui
823 2192 1030 2257 consessione
1056 2193 1228 2258 coronasti.
1245 2213 1303 2276 per
1319 2193 1419 2257 chris-

221 2286 302 2342 tum.

676 2390 736 2453 Ad
745 2390 971 2473 complendum.

266 2490 456 2575 Quesumus
486 2491 622 2555 domine
653 2492 852 2556 salutaribus
879 2493 995 2575 repleti
1023 2495 1189 2578 mysteriis
1215 2505 1254 2558 ut
1278 2514 1418 2577 quorum

220 2577 418 2661 sollempnia
443 2579 677 2643 caelebramus.
702 2580 906 2643 orationibus
930 2582 1133 2646 adiuuemur.
1160 2602 1219 2663 per
1244 2580 1417 2644 dominum

221 2675 379 2729 nostrum.

251 2862 340 2911 xv11.
365 2848 456 2911 Knu.
481 2847 568 2913 Ocr.
595 2847 752 2910 Narnia
776 2847 917 2912 Snucrr
943 2849 1156 2912 Nrcouams
1181 2850 1387 2916 illaturus,

264 2960 394 3024 Adesto
417 2961 551 3024 domine
574 2958 699 3042 populo
722 2969 780 3023 tuo
806 2969 844 3023 ut
869 2961 957 3023 beati
983 2962 1164 3025 nicomedis
1192 2964 1345 3045 martyris
1369 2964 1417 3028 tui

220 3048 337 3111 merita
367 3048 535 3129 praeclara
572 3046 762 3129 suscipiens.
794 3046 836 3109 ad
875 3047 1118 3129 impetrandam
1157 3050 1415 3115 misericordiam

219 3144 311 3198 tuam
327 3155 459 3216 semper
473 3134 542 3197 eius
558 3134 749 3216 patrociniis
765 3133 947 3197 adiuuetur.
958 3156 1026 3218 per.

749 3253 887 3318 Secreta.

263 3359 402 3441 Suscipe
417 3357 552 3421 domine
569 3377 705 3420 munera
721 3357 884 3439 propitius
910 3359 1023 3422 oblata
1038 3379 1124 3441 quae
1146 3360 1312 3424 maiestati
1340 3371 1417 3425 tuae

219 3447 307 3511 beati
324 3445 507 3508 nicomedis
523 3444 677 3525 martyris
692 3446 906 3508 commendet
921 3446 1035 3509 oratio
1052 3467 1110 3528 per
1125 3448 1307 3511 dominum.

672 3564 733 3627 Ad
744 3565 969 3646 complendum.

264 3667 440 3733 Purificent
455 3687 516 3730 nos
528 3667 663 3730 domine
673 3677 881 3730 sacramenta
890 3688 976 3750 quae
988 3669 1198 3751 sumpsimus.
1212 3667 1261 3751 let
1273 3670 1330 3753 [fo.
1347 3687 1417 3752 152.

219 3756 444 3823 intercedente
474 3756 574 3817 beato
606 3754 779 3817 nicomede
810 3764 955 3837 martyre
978 3765 1036 3819 tuo
1062 3777 1082 3818 a
1112 3758 1240 3820 cunctis
1270 3757 1416 3823 efficiant

219 3846 307 3909 uitiis
331 3842 512 3907 absolutos.
528 3861 586 3922 per
600 3841 783 3905 dominum.

268 4028 342 4080 xvr.
367 4013 457 4077 Knn.
482 4009 571 4075 Ocu.
595 4008 750 4073 Names
781 4007 957 4075 Sanctus
981 4011 1157 4077 Rursum
1182 4013 1370 4077 Umomrs.

260 4125 484 4208 Omnipotens
499 4121 699 4203 sempiterne
714 4123 797 4185 deus
808 4123 865 4205 qui
881 4121 1011 4188 infirma
1023 4124 1137 4187 mundi
1154 4123 1248 4207 eligis
1264 4134 1301 4188 ut
1317 4124 1415 4188 sortia

216 4232 367 4300 quaeque
393 4208 584 4274 confundas.
608 4209 754 4273 concede
778 4210 940 4293 propitius
964 4220 1001 4273 ut
1026 4211 1082 4293 qui
1106 4210 1225 4275 beatae
1250 4211 1414 4275 eufemiae

217 4301 371 4385 martyris
401 4306 480 4362 tuae
515 4295 714 4379 sollempnia
750 4296 896 4361 colimus
927 4297 997 4362 eius
1030 4297 1119 4380 apud
1158 4308 1192 4362 te
1229 4298 1414 4380 patrocinia

215 4391 405 4458 sentiamus
421 4402 487 4469 pet.

677 4489 686 4523 ¹
704 4492 739 4545 So
750 4492 807 4545 MS.
820 4492 860 4545 for
869 4509 956 4547 sacros.
