3038 5106
149 363 196 415 130
402 350 494 401 DOM.
516 349 577 400 XV.
596 349 693 400 POST
710 349 788 400 OCT.
807 348 1095 401 PENYECOSYEN.

660 519 842 600 Praefatio.

194 628 243 690 tl)
266 635 400 689 aeterne
430 625 523 689 deus.
569 623 658 706 Quia
688 634 724 688 tu
748 624 781 687 in
813 634 928 687 nostra
959 644 1092 707 semper
1114 622 1241 688 iaciens
1265 622 1358 687 infir-

150 715 266 777 mitate
311 714 466 775 uirtutem
513 712 706 774 aecclesiam
753 720 846 773 tuam
893 712 979 775 inter
1021 712 1163 775 aduersa
1206 731 1359 775 crescere

150 800 302 863 tribuisti.
329 810 366 862 ut
392 819 467 861 cum
498 809 671 880 putaretur
700 818 866 881 oppressa.
892 807 971 861 tunc
1002 799 1113 881 potius
1144 799 1358 881 praeualeret

150 888 308 950 exaltata.
330 885 411 949 dum
436 885 533 948 simul
550 895 584 948 et
606 885 849 968 experientiam
872 883 949 947 fidei
972 885 1121 948 declarat
1145 884 1296 949 afflictio.
1323 896 1358 948 et

151 975 421 1036 uictoriosissima
451 993 581 1055 semper
612 982 800 1055 perseuerat
830 980 864 1035 te
895 971 1078 1036 adiuuante
1109 972 1256 1039 deuotio.
1297 992 1358 1057 per

152 1061 310 1123 christum
326 1060 498 1123 dominum
516 1068 674 1122 nostruin.

598 1178 660 1240 Ad
672 1179 894 1259 complendum.

196 1282 370 1365 (Uiuilicet
401 1304 461 1345 nos
483 1302 663 1363 quesumus
685 1281 819 1344 domine
844 1282 939 1344 huius
964 1282 1174 1364 participatio
1205 1281 1262 1364 [s0.
1280 1298 1356 1363 93v.

152 1383 268 1433 sancta
286 1370 440 1451 mysterii.
453 1380 486 1431 et
502 1371 624 1452 pariter
640 1369 734 1432 nobis
747 1369 973 1450 expiationem
985 1369 1110 1432 tribuat
1121 1379 1155 1433 et
1168 1370 1357 1432 munimen.

152 1478 211 1539 per
225 1459 398 1520 dominum
416 1469 574 1520 nostrum.

619 1574 726 1656 Super
730 1575 893 1656 populum.

198 1679 801 1760 Familiamtuamquesumusdomine
811 1678 944 1741 caelesti
955 1677 1356 1760 protectionecircumda

153 1776 188 1828 ut
213 1778 245 1828 te
269 1777 424 1848 parcente
447 1767 490 1829 sit
517 1765 618 1828 libera
642 1776 676 1828 te
702 1766 911 1828 custodiente
934 1766 978 1829 ab
1002 1767 1159 1829 omnibus
1185 1766 1287 1829 malis
1311 1766 1356 1831 sit

152 1874 272 1915 secura
291 1874 349 1935 per
364 1854 538 1916 dominum
554 1864 713 1918 nostrum.

282 2006 479 2068 Donrnrcn
496 2006 567 2068 XII
574 2006 586 2068 l
593 2006 618 2068 l.
636 2018 725 2069 Posr
742 2004 914 2070 Oceanus
934 2006 1218 2070 Pentecosten.

198 2118 420 2199 Omnipotens
444 2119 645 2200 sempiterne
660 2116 742 2179 deus
758 2119 802 2180 da
824 2117 918 2179 nobis
945 2116 1021 2182 fidei
1045 2119 1115 2200 spei
1138 2128 1172 2181 et
1200 2117 1356 2182 karitatis

152 2216 377 2285 augmentum.
401 2215 434 2267 et
462 2216 500 2268 ut
525 2225 709 2267 mereamur
733 2206 869 2286 adsequi
893 2206 983 2284 quod
1012 2206 1185 2287 promittis
1212 2205 1265 2268 sac
1293 2226 1355 2269 nos

153 2312 263 2354 amare
280 2295 368 2372 quod
386 2294 554 2374 praecipis.
573 2312 639 2374 per.

680 2412 816 2476 Secreta.

198 2512 378 2593 l'ropitiare
405 2512 540 2574 domine
564 2512 688 2594 populo
712 2523 769 2574 tuo
792 2513 972 2594 propitiare
999 2513 1197 2575 muneribus,
1225 2524 1264 2576 ut
1291 2514 1355 2577 hac

153 2598 319 2661 oblatione
344 2600 494 2680 placatus
520 2610 553 2660 ct
580 2599 820 2682 indulgentiam
847 2600 941 2662 nobis
967 2600 1093 2662 tribuas
1120 2611 1154 2663 ct
1182 2603 1355 2682 postulata

125 2766 129 2773 ¹
153 2688 322 2748 concedas
341 2708 404 2768 per.

661 2796 842 2877 Praeferri).

198 2903 246 2964 [D
271 2912 403 2963 aeterne
420 2901 510 2963 deus,
557 2900 623 2982 Qui
649 2921 710 2963 nos
735 2903 777 2963 de
802 2903 899 2963 donis
925 2902 1088 2965 bonorum
1116 2904 1354 2986 temporalium

153 2989 195 3049 ad
225 2991 469 3070 perceptionem
499 2989 653 3070 prouehis
679 3000 898 3052 aeternorum.
927 3001 960 3051 ct
987 2990 1068 3052 haec
1095 2991 1212 3053 tribuis
1237 3003 1272 3054 et
1300 2992 1358 3056 illa

155 3075 287 3156 largiris.
306 3086 389 3136 utet
408 3077 570 3136 mansuris
589 3077 653 3136 iam
671 3077 867 3157 incipiamus
885 3077 981 3138 inseri
1005 3088 1038 3139 ct
1065 3081 1356 3159 praetereuntibus

154 3163 346 3223 nonteneri.
392 3163 503 3223 Tuum
532 3174 582 3222 cst
608 3163 695 3223 enim
720 3164 810 3242 quod
839 3164 991 3225 uiuimus,
1019 3166 1097 3244 quia
1120 3164 1197 3226 licet
1225 3169 1357 3247 peccati

154 3249 289 3309 uulnere
306 3260 424 3309 natura
441 3258 553 3310 nostra
570 3250 612 3309 sit
636 3250 760 3311 uitiata.
785 3250 833 3311 tui
852 3260 963 3311 tamen
982 3261 1031 3311 est
1048 3252 1156 3332 operis
1180 3261 1217 3315 ut
1234 3255 1357 3316 terreni

154 3336 300 3414 generati
317 3336 358 3395 ad
377 3335 532 3396 caelestia
549 3356 767 3399 renascamur.
784 3357 843 3418 per
859 3338 1027 3399 christum.

600 3456 662 3516 Ad
673 3456 896 3535 complendum.

197 3557 347 3638 Sumptis
378 3558 511 3619 domine
549 3558 746 3620 caelestibus
785 3561 1000 3621 sacramentis
1038 3561 1080 3622 ad
1116 3563 1359 3644 redemptionis

153 3654 305 3705 aeternae
322 3665 502 3725 quesumus
520 3645 731 3726 proficiamus
748 3658 976 3728 augmentum.
993 3669 1051 3729 per
1067 3648 1251 3712 dominum.

616 3766 725 3847 Super
730 3768 893 3847 populum.

197 3869 338 3950 Respice
362 3869 496 3930 domine
530 3870 692 3950 propitius
718 3869 849 3951 plebem
875 3880 976 3933 tuam.
1002 3880 1036 3931 ct
1061 3879 1134 3932 toto
1166 3871 1225 3934 tibi
1254 3876 1358 3938 corde

153 3958 345 4018 subiectam.
365 3957 535 4037 praesidiis
553 3957 676 4018 inuicte
693 3958 825 4038 pietatis
841 3959 964 4019 attolle.
983 3978 1047 4039 per.

304 4143 501 4205 Donrsrcn
519 4142 592 4204 XV.
611 4155 701 4205 eosr
719 4141 890 4205 Ocrauns
909 4143 1195 4204 Pusrncosrun.

195 4253 349 4337 fCustodi
374 4254 507 4316 domine
523 4275 704 4335 quesumus
728 4254 922 4316 aecclesiam
940 4265 1033 4315 tuam
1051 4254 1207 4336 propitia·
1227 4253 1284 4335 [lo.
1301 4270 1355 4334 94.

150 4343 241 4406 tione
265 4352 431 4423 perpetua.
456 4352 488 4402 et
516 4343 594 4422 quia
619 4343 689 4402 sine
714 4351 747 4404 te
771 4340 892 4402 labitur
907 4340 1053 4402 humana
1077 4341 1262 4403 mortalitas
1288 4343 1355 4403 tuis

150 4448 280 4578 semper
303 4428 435 4527 auxiliis
455 4438 487 4490 et
511 4429 721 4490 abstrahatur
737 4448 756 4489 a
773 4428 883 4489 noxiis
899 4437 932 4490 et
949 4428 990 4490 ad
1007 4428 1165 4489 salutaria
1181 4428 1353 4510 dirigatur.

149 4538 207 4599 per
248 4534 405 4578 ominum.
