3038 5106
565 354 618 405 ΝΑ
625 356 723 406 TALE
741 356 892 407 DOMINI.

683 557 773 621 Alia.

169 684 313 769 Respice
335 704 396 748 nos
420 684 604 749 misericors
631 684 713 747 deus
734 695 767 748 et
785 686 950 749 mentibus
966 686 1146 749 clementer
1166 687 1328 751 humanis.

124 783 282 837 nascente
305 772 428 837 christo
455 792 584 836 summe
607 773 757 835 ueritatis
780 774 907 855 flumen
930 776 1077 837 ostende.
1102 794 1161 856 per
1205 774 1260 856 [lo.
1282 794 1328 855 34

126 863 280 925 eundem.

684 970 776 1034 Alia.

171 1084 308 1167 Largire
331 1104 512 1167 quesumus
536 1084 671 1148 domine
695 1083 826 1147 famulis
849 1085 914 1146 tuis
932 1082 1016 1146 fidei.
1032 1086 1111 1167 spei.
1128 1094 1162 1147 et
1183 1086 1328 1148 caritatis

125 1183 351 1255 augmentum.
368 1182 405 1234 ut
420 1173 475 1253 qui
493 1173 668 1235 natiuitate
685 1170 740 1233 filii
758 1173 806 1234 tui
825 1173 952 1234 domini
969 1173 1071 1235 nostri
1088 1172 1276 1253 gloriantur.
1294 1183 1328 1235 et

124 1261 264 1324 aduersa
281 1260 395 1321 mundi
421 1270 453 1322 te
476 1259 683 1339 gubernante
699 1278 764 1320 non
782 1259 934 1320 sentiant.
951 1270 984 1321 et
1001 1279 1087 1340 quac
1103 1260 1329 1340 temporaliter

125 1344 314 1410 caelebrare
329 1346 520 1409 desiderant
536 1349 607 1408 sine
623 1344 688 1407 fine
704 1346 895 1427 percipiant.
913 1366 973 1428 per
988 1349 1139 1410 eundem.

683 1498 773 1562 Alia.

170 1612 265 1675 Deus
294 1612 351 1693 qui
375 1612 492 1675 beatae
516 1612 640 1675 mariae
663 1613 800 1692 uirginis
827 1623 958 1693 partum
986 1613 1057 1673 sine
1079 1611 1225 1674 humana
1249 1633 1328 1673 con-

125 1700 331 1781 cupiscentia
360 1709 576 1780 procreatum.
605 1701 637 1761 in
669 1699 725 1761 filii
749 1700 797 1761 tui
822 1700 971 1760 membra
995 1700 1158 1761 uenientis
1181 1701 1327 1780 paternis

126 1786 232 1849 iecisti
256 1786 465 1868 praeiudiciis
488 1806 554 1848 non
578 1787 689 1849 teneri.
707 1796 839 1867 praesta
861 1806 1042 1866 quesumus
1066 1796 1102 1848 ut
1125 1786 1221 1848 huius
1238 1808 1327 1847 crea-

125 1884 219 1935 turae
244 1874 394 1936 nouitate
417 1883 572 1955 suscepta
602 1874 778 1936 uetustatis
805 1874 940 1954 antique
966 1874 1130 1954 contagiis
1154 1894 1326 1935 exuamur.

127 1980 186 2043 per
200 1961 353 2024 eundem.

682 2070 772 2134 Alia.

170 2183 326 2249 Concede
363 2184 459 2247 nobis
500 2184 713 2265 omnipotens
743 2185 826 2246 deus
860 2192 896 2247 ut
930 2183 1074 2246 salutare
1106 2195 1200 2246 tuum
1241 2205 1328 2245 noua

126 2270 293 2334 caelorum
317 2270 390 2333 luce
406 2271 555 2334 mirabili.
571 2273 661 2352 quod
678 2272 720 2335 ad
737 2270 877 2333 salutem
896 2272 1010 2333 mundi
1028 2271 1186 2332 hodierna
1204 2270 1328 2333 sestiui·

126 2367 196 2421 tate
217 2358 385 2440 processit.
412 2360 533 2421 nostris
559 2378 690 2441 semper
713 2358 913 2421 innouandis
936 2358 1091 2422 cordibus
1113 2359 1244 2420 oriatur.
1270 2379 1329 2439 per

127 2446 280 2508 eundem.

684 2557 775 2621 Alia.

170 2668 395 2751 Omnipotens
410 2670 612 2751 sempiterne
628 2670 710 2733 deus
726 2671 781 2751 qui
795 2670 882 2732 hunc
896 2670 984 2733 diem
996 2690 1055 2753 per
1067 2670 1327 2732 incarnationem

128 2756 221 2819 uerbi
254 2757 302 2819 tui
336 2765 371 2819 et
403 2769 536 2839 partum
571 2758 690 2820 beatam
728 2758 851 2820 mariae
887 2758 1022 2839 uirginis
1051 2758 1258 2820 consecrasti.
1286 2758 1329 2818 da

129 2843 259 2925 populis
283 2844 349 2907 tuis
374 2844 406 2905 in
430 2843 492 2905 hac
516 2843 729 2907 caelebritate
751 2846 963 2907 consortium.
987 2855 1023 2906 ut
1054 2845 1109 2925 qui
1138 2856 1196 2907 tua
1222 2845 1329 2926 gratia

127 2940 205 2993 sunt
221 2931 393 3013 redempti.
409 2939 468 2994 tua
484 2931 550 2994 sint
566 2932 748 3013 adoptione
763 2933 876 2994 securi.
894 2953 952 3013 per
968 2933 1120 2994 eundem.

685 3068 778 3131 Alia.

174 3178 266 3242 Deus
284 3180 340 3261 qui
364 3178 530 3242 humanae
546 3180 751 3242 substantiae
767 3180 974 3260 dignitatem.
991 3189 1024 3242 et
1044 3180 1237 3243 mirabiliter
1252 3200 1330 3241 con-

130 3267 242 3330 didisti
258 3277 292 3329 et
306 3267 487 3329 mirabilius
500 3266 692 3329 reformasti.
706 3269 749 3329 da
760 3266 855 3328 nobis
869 3287 1049 3347 quesumus
1065 3270 1134 3329 eius
1144 3267 1329 3330 diuinitatis

130 3374 202 3415 esse
227 3362 404 3417 consortes.
428 3354 485 3435 qui
511 3353 728 3417 humanitatis
745 3366 876 3417 nostrae
898 3353 965 3416 fieri
990 3356 1145 3436 dignatus
1162 3364 1212 3418 est
1228 3355 1331 3436 parti-

130 3460 215 3523 ceps.
231 3442 288 3522 qui
304 3451 423 3504 tecum.

682 3551 773 3614 fllia.

174 3662 398 3745 Omnipotens
431 3664 633 3746 sempiterne
653 3665 817 3745 densqni
850 3665 881 3726 in
914 3663 970 3726 filii
996 3664 1043 3727 tui
1074 3666 1201 3727 domini
1227 3667 1330 3729 nostri

132 3751 305 3814 natiuitate
328 3752 471 3814 tribuisti
496 3752 597 3814 totius
615 3752 782 3832 religionis
799 3753 927 3814 initium
946 3750 1156 3833 [perlection-
1183 3752 1237 3834 [so.
1260 3770 1329 3830 34v.

131 3856 249 3919 cmque
263 3848 424 3901 constare.
441 3839 485 3901 da
506 3838 601 3900 nobis
626 3859 806 3919 quesumus
831 3840 862 3899 in
883 3840 952 3900 cius
975 3840 1125 3920 portione
1149 3842 1272 3903 censeri
1299 3842 1330 3902 in

131 3944 196 4006 quo
211 3926 315 3988 totius
330 3924 447 3988 salutis
462 3925 628 3988 humanae
644 3945 775 3987 summa
790 3927 948 3989 consistit.
965 3928 1020 4007 qui
1042 3937 1151 3989 tecum
1174 3928 1264 3989 uiuit.

683 4056 777 4118 Alia.

174 4167 229 4231 Da
243 4186 426 4250 quesumus
441 4167 576 4230 dominc
592 4169 717 4250 populo
733 4180 791 4231 tuo
804 4169 1027 4231 inuiolabilem
1042 4168 1117 4231 fidei
1131 4167 1331 4235 firmitatem.

132 4264 168 4317 ut
184 4255 242 4337 qui
263 4255 472 4337 unigenitum
495 4264 590 4318 tuum
616 4258 647 4317 in
672 4265 730 4318 tua
753 4266 861 4318 tecum
886 4257 991 4338 gloria
1024 4258 1264 4337 sempiternum
1298 4258 1330 4319 in

130 4342 270 4405 ueritate
299 4342 402 4405 nostrl
425 4342 572 4423 corporis
599 4354 714 4405 natum
731 4344 774 4407 de
794 4354 898 4405 matre
922 4345 1049 4423 uirgine
1072 4341 1279 4406 confitentur.
1297 4355 1331 4405 et

130 4448 150 4489 a
169 4426 379 4511 presentibus
395 4428 575 4493 liberentur
589 4431 745 4493 aduersis.
762 4441 794 4494 ct
811 4432 974 4493 mansuris
990 4432 1120 4514 gaudiis
1137 4432 1331 4493 inserantur.

131 4534 190 4596 per
204 4518 356 4579 eundem.

1135 4618 1157 4666 E
1182 4620 1200 4665 2
