3038 5106
490 334 542 385 IN
561 334 649 387 ΝΑΤ.
684 335 801 389 UNIUS
830 336 1009 397 UIRGINIS.
1304 348 1354 402 237

350 514 395 580 lu
418 515 576 580 Numa
599 516 859 581 Puuuuuonun
884 515 1169 583 Conrussouun.

197 645 290 709 Deus
303 644 361 728 qui
376 664 437 709 nos
453 654 642 709 sanctorum
654 654 786 710 tuorum
800 645 844 708 ill.
855 645 1117 710 confessionibus
1132 647 1283 729 gloriosis
1297 649 1359 712 cir·

151 734 334 798 cumdaset
349 732 505 816 protegis.
516 733 562 795 da
574 732 669 797 nubis
682 741 715 796 et
726 752 841 795 eorum
852 733 1038 797 imitatione
1048 733 1205 815 proficere
1214 745 1248 799 et
1258 736 1357 801 inter-

153 820 303 885 cessione
317 819 473 903 gaudere.
490 840 556 902 per.

690 937 827 1002 Secreta.

198 1026 338 1110 Suscipe
352 1025 488 1089 domine
503 1045 637 1108 praeces
653 1035 687 1089 et
703 1046 848 1090 munera.
864 1046 950 1108 quae
966 1036 1002 1090 ut
1017 1036 1076 1090 tuo
1091 1029 1159 1092 sint
1169 1029 1272 1113 digna
1280 1051 1358 1094 con-

154 1115 290 1197 spectui.
306 1122 496 1177 sanctorum
513 1122 644 1176 tuorum
662 1113 833 1194 praecibus
849 1114 1051 1177 adiuuemur.
1068 1135 1127 1198 per
1141 1117 1322 1181 dominum.

668 1250 850 1330 Praefatio.

201 1354 394 1419 fflaeteme
409 1353 499 1416 deus.
534 1352 578 1415 Et
595 1352 804 1415 maiestatem
821 1364 913 1416 tuam
930 1355 1069 1436 supplici
1086 1354 1202 1439 ldeuo-
1218 1353 1276 1442 [so.
1290 1373 1358 1439 171.

155 1440 246 1506 tione
260 1459 407 1503 exorare.
423 1447 460 1502 ut
475 1439 647 1502 beatorum
663 1439 888 1503 consessorum
904 1454 1035 1504 tuorum
1060 1443 1105 1505 ill.
1120 1463 1260 1525 quorum
1276 1445 1362 1510 festa

156 1526 380 1591 caelebramus
410 1525 558 1589 obtentu.
589 1546 773 1589 mereamur
803 1536 896 1590 tuum
927 1528 1077 1592 obtinere
1104 1531 1274 1596 auxilium.
1302 1554 1360 1615 per

155 1614 325 1681 christum.

612 1725 675 1788 Ad
684 1726 909 1807 cumlaudant.

203 1828 358 1912 Corporis
373 1830 456 1892 sacri
472 1839 505 1891 et
521 1830 676 1912 praetiosi
692 1830 861 1910 sanguinis
879 1829 992 1912 repleti
1010 1831 1167 1894 libamine
1182 1852 1360 1914 quesumus

157 1916 293 1981 domine
307 1918 389 1981 deus
402 1927 520 1979 noster.
532 1926 568 1979 ut
577 1918 666 1996 quod
684 1917 739 1998 pia
753 1918 932 1979 deuotione
942 1918 1094 1999 gerimus.
1105 1930 1195 1982 certa
1211 1922 1361 2004 redemp-

158 2003 249 2068 tione
264 2004 442 2086 capiamus
459 2022 525 2085 per.

466 2168 510 2232 lu
536 2168 690 2234 Uronm
717 2169 843 2233 Unrus
869 2156 1058 2233 Umoiurs.

205 2290 348 2354 Sanctae
363 2291 500 2372 uirginis
515 2301 592 2353 tuae
605 2290 651 2352 ill.
663 2291 799 2353 domine
810 2310 989 2371 quesumus
1001 2291 1296 2373 supplicationibus
1307 2293 1362 2355 tri-

161 2376 225 2441 bue
240 2398 301 2440 nos
313 2378 423 2440 foueri.
437 2389 473 2440 ut
488 2379 579 2440 cuius
596 2378 818 2440 uenerabilem
835 2377 1116 2459 sollempnitatem
1132 2381 1363 2459 praeuenimus

160 2464 327 2544 obsequio.
343 2466 413 2526 eius
429 2463 717 2527 intercessionibus
732 2465 1005 2527 commendemur
1020 2475 1052 2528 et
1070 2466 1201 2529 meritis.
1219 2487 1283 2548 per.

696 2601 836 2665 Secreta.

208 2704 400 2768 Muneribus
410 2705 530 2767 nostris
540 2702 872 2787 quesumus¹domine
883 2715 1017 2768 sanctae
1029 2708 1182 2787 martyris
1193 2718 1269 2770 tuae
1280 2708 1363 2772 festa

163 2792 398 2874 praecedimus.
414 2801 451 2855 ut
471 2812 556 2874 quae
576 2793 797 2855 conscientiae
821 2803 952 2855 nostrae
973 2795 1231 2875 praepediuntur
1252 2795 1365 2858 obsta·

165 2876 245 2941 culis
262 2878 347 2941 illius
364 2880 488 2943 meritis
504 2880 684 2943 reddantur
700 2877 901 2961 acceptuml
916 2900 982 2960 per.

675 3016 858 3094 Praefatae.

208 3118 257 3183 G)
273 3128 407 3182 aeterne
422 3120 512 3183 deus
547 3119 593 3183 Et
608 3120 726 3184 beatae
752 3121 905 3201 martyris
931 3128 1008 3183 tuae
1032 3120 1077 3184 ill.
1094 3122 1248 3184 natalicia
1273 3142 1366 3204 prae-

165 3206 327 3270 ueniendo
342 3206 477 3269 laudare
492 3206 685 3269 benedicere
701 3217 734 3268 et
751 3209 947 3288 praedicare.
986 3207 1095 3288 Quam
1106 3205 1218 3282 tonto†
1234 3229 1367 3273 munere

164 3292 357 3356 sublimasti.
373 3305 410 3356 ut
425 3294 455 3355 ei
471 3293 634 3356 conferres
650 3305 684 3356 et
700 3295 898 3374 uirginitatis
909 3313 1065 3356 coronam
1083 3304 1116 3356 et
1133 3296 1280 3376 martyrii
1297 3296 1367 3378 pal-

167 3398 263 3441 mam.
302 3378 423 3461 Sicque
433 3382 553 3443 uirtute
570 3379 644 3443 fidei
661 3390 694 3442 et
711 3381 828 3442 decore
844 3381 1023 3462 pudicitiae
1039 3381 1185 3462 polleret.
1198 3393 1233 3447 ut
1246 3382 1366 3445 caeles-

163 3466 211 3529 tia
226 3485 327 3547 regna
342 3467 435 3549 uirgo
450 3469 572 3549 pariter
585 3477 619 3529 et
636 3477 761 3549 martyr
776 3467 920 3530 intraret.
937 3487 996 3548 per
1009 3467 1176 3531 christum.

616 3603 679 3668 Ad
689 3605 917 3685 conspirandum.

209 3704 397 3787 Quesumus
413 3707 623 3789 omnipotens
638 3709 728 3771 deus.
745 3718 782 3772 ut
797 3729 937 3789 quorum
961 3728 1021 3770 nos
1037 3709 1160 3772 tribuis.
1184 3712 1367 3773 communi-

165 3812 246 3855 care.
264 3793 430 3857 memoriis
446 3814 559 3856 eorum
576 3793 677 3857 sacias
694 3796 885 3858 imitatores,
902 3816 960 3876 per
976 3796 1156 3881 dominum.

482 3977 526 4040 ln
551 3979 707 4041 Nnrnnc
732 3978 858 4043 Unrus
884 3979 1075 4043 Urnnnrrs.

210 4095 303 4159 Deus
317 4096 374 4178 qui
399 4116 461 4160 nos
484 4096 584 4162 hodie
610 4098 729 4163 beatae
755 4108 788 4162 et
811 4110 947 4163 sanctae
971 4099 1016 4161 ill.
1039 4100 1175 4181 uirginis
1199 4103 1367 4183 martyris-

167 4203 231 4265 que
245 4192 323 4247 tuae
345 4203 456 4247 annua
478 4184 726 4268 sollempnitate
753 4186 920 4250 laetificas.
967 4184 1121 4250 Concede
1146 4189 1313 4270 propitius.
1331 4199 1367 4252 ut

165 4270 251 4356 (eius
274 4270 471 4335 adiuuemur
497 4273 631 4335 meritis.
654 4274 746 4337 cuius
772 4275 937 4338 castitatis
962 4273 1165 4338 inradiamur
1192 4274 1247 4357 [fo.
1276 4291 1366 4354 171v.

166 4357 341 4442 exemplis.
357 4378 417 4441 per
431 4359 615 4423 dominum.

416 4490 427 4527 ¹
442 4496 505 4547 Thia
516 4497 585 4547 nord
596 4514 678 4549 seems
689 4508 716 4549 to
727 4498 759 4549 be
770 4498 926 4563 superfluous
937 4484 966 4549 o'r
977 4496 1123 4563 misplaced.
