3038 5106
415 362 507 415 DOM.
534 363 606 413 IIII.
635 364 733 415 POST
756 362 1013 415 THEOPHANIA.

378 572 578 641 Dou1u1cn
603 578 667 641 111.
692 587 781 639 nost
805 576 1071 641 Turonunum.

161 703 386 789 Omnipotens
409 710 610 792 sempiterne
634 709 716 771 deus
741 706 967 770 infirmitatem
994 718 1141 773 nostram
1158 711 1318 793 propitius

116 794 250 875 respice.
275 806 377 876 atque
400 797 443 858 ad
475 797 717 877 protegendum
744 816 804 857 nos
828 797 1004 858 dexteram
1035 806 1113 861 tuae
1138 800 1319 861 maiestatis

115 882 272 945 extende.
288 902 348 964 per
362 882 536 945 dominum
554 892 711 945 nostrum.

649 1018 785 1081 Secreta.

161 1135 256 1199 Haec
286 1136 396 1200 hostia
425 1140 560 1202 domine
589 1159 770 1221 quesumus
800 1139 959 1203 emundet
990 1149 1102 1201 nostra
1132 1138 1261 1202 delicta.
1286 1147 1319 1201 et

116 1222 312 1286 sacrificium
337 1225 592 1289 caelebrandum
624 1227 833 1290 subditorum
865 1228 924 1291 tibi
955 1246 1094 1307 corpora
1125 1237 1320 1307 mentesque

113 1310 307 1375 sanctificet
324 1331 383 1393 per
397 1312 578 1376 dominum.

628 1449 810 1528 Praefatin

161 1568 211 1633 (D
235 1580 369 1631 aeterne
392 1569 482 1634 deus.
527 1569 594 1652 Qui
617 1590 722 1652 genus
746 1570 929 1634 humanum
957 1571 1239 1654 praeuaricatione
1259 1591 1320 1633 sua

114 1654 149 1715 in
166 1654 268 1737 ipsius
284 1658 420 1738 originis
445 1657 554 1720 radice
578 1658 800 1739 dampnatum
827 1679 886 1739 per
910 1658 1024 1719 florem
1048 1658 1218 1739 uirginalis
1235 1660 1318 1720 uteri

114 1742 253 1805 reddere
268 1744 425 1825 dignatus
440 1764 476 1806 es
491 1743 689 1806 absolutum.
737 1744 786 1808 Ut
802 1745 970 1807 hominem
987 1765 1086 1826 quem
1111 1746 1317 1825 unigenitum

111 1848 293 1893 creaueras.
303 1830 475 1912 perfilium
492 1841 586 1893 tuum
597 1832 696 1893 deum
707 1841 741 1894 et
751 1832 919 1893 hominem
933 1852 1101 1893 recreares.
1112 1844 1145 1894 et
1158 1831 1317 1894 diabolus.

114 1916 172 1996 qui
183 1917 282 1979 adam
296 1918 329 1979 in
347 1917 452 1998 fragili
469 1937 567 1980 carne
582 1920 758 1982 deuicerat
770 1929 966 1981 conseruata
979 1920 1105 1982 iustitia
1120 1922 1320 1983 adeocame

112 2004 300 2066 uinceretur
313 2016 494 2086 assumpta.
511 2025 569 2087 per
583 2026 691 2087 quem.

566 2159 631 2222 Ad
640 2160 865 2242 conpilendum.

158 2274 253 2359 Quos
268 2279 370 2341 tantis
385 2279 521 2342 domine
537 2279 664 2363 largiris
680 2283 728 2344 uti
746 2282 918 2364 mysteriis.
936 2301 1116 2364 quesumus
1135 2293 1172 2344 ut
1194 2282 1319 2345 eflecti-

112 2362 178 2427 bus
193 2385 307 2428 eorum
325 2386 386 2429 nos
401 2369 561 2431 ueraciter
576 2370 684 2451 aptari
701 2369 856 2450 digneris
872 2390 938 2452 per.

578 2522 686 2602 Super
692 2523 856 2602 populum.

156 2636 260 2701 Adsit
283 2640 419 2703 domine
434 2659 614 2721 quesumus
630 2643 822 2724 propitiatio
845 2654 902 2704 tua
919 2640 1042 2723 populo
1058 2639 1265 2722 supplicanti.
1283 2650 1319 2702 ut

110 2726 205 2807 quod
220 2736 254 2789 te
263 2726 445 2808 inspirante
459 2727 599 2791 fideliter
607 2727 772 2812 expedit.†
784 2740 842 2792 tua
854 2730 971 2792 caeleri
983 2729 1134 2810 largitate
1151 2728 1317 2809 percipiat.

110 2832 180 2895 per.

372 3017 570 3083 Dourmen
595 3020 679 3083 1111.
703 3034 792 3085 rost
815 3021 1079 3083 Turrem-mum.

157 3150 251 3214 Deus
273 3152 330 3234 qui
346 3174 407 3217 nos
423 3154 456 3216 in
473 3155 575 3218 tantis
598 3156 752 3236 periculis
776 3156 975 3217 constitutos
991 3175 1051 3235 pro
1067 3150 1231 3227 humano†
1255 3151 1318 3212 scis

112 3236 293 3319 fragilitate
323 3260 388 3303 non
420 3262 518 3323 posse
547 3244 734 3306 subsistere.
762 3244 806 3305 da
836 3243 931 3304 nobis
961 3242 1101 3304 salutem
1133 3240 1254 3301 mentis
1284 3250 1318 3300 et

110 3325 266 3406 corporis.
290 3338 327 3388 ut
348 3347 388 3390 ea
410 3348 496 3410 quae
518 3350 578 3411 pro
600 3331 746 3411 peccatis
769 3330 890 3393 nostris
912 3331 1065 3411 patimur.
1081 3338 1114 3391 te
1136 3328 1319 3389 adiuuante

111 3430 293 3476 uincamus.
309 3434 376 3495 per.

633 3528 813 3610 [Sternat]

156 3642 327 3727 (Concede
338 3666 519 3729 quesumus
531 3650 745 3730 omnipotens
758 3650 839 3711 deus
852 3658 888 3711 ut
900 3648 997 3711 huius
1010 3646 1159 3710 sacrificii
1175 3642 1230 3730 [so.
1246 3662 1315 3725 39v.

112 3752 233 3795 munus
245 3733 393 3797 oblatum
411 3733 623 3817 fragilitatem
636 3749 783 3798 nostram
796 3737 839 3799 ab
851 3737 943 3798 omni
956 3735 1045 3798 malo
1054 3745 1173 3817 purget
1186 3752 1317 3813 semper

110 3830 146 3881 et
162 3821 298 3884 muniat
313 3841 373 3903 per
387 3822 570 3887 dominum.

624 3951 808 4031 Praefittrii.

155 4071 204 4136 (Β
227 4080 362 4133 aeterne
377 4070 468 4136 deus.
514 4072 560 4135 Et
575 4081 609 4135 te
625 4073 658 4135 in
674 4073 766 4135 omni
786 4082 937 4153 tempore
951 4070 1153 4133 conlaudare
1167 4078 1201 4132 et
1216 4068 1316 4131 bene-

110 4156 218 4221 dicere
241 4158 322 4239 quia
344 4157 378 4221 in
401 4169 435 4222 te
459 4159 604 4222 uiuimus
629 4170 662 4222 et
689 4180 862 4222 mouemur
885 4171 919 4221 et
945 4178 1068 4220 sumus,
1115 4158 1160 4219 Et
1187 4156 1313 4218 nullum

107 4254 247 4327 tempus
272 4244 467 4327 nullumque
489 4257 697 4309 momentum
721 4257 781 4309 est.
806 4248 895 4328 quod
920 4266 939 4308 a
963 4243 1130 4307 beneficiis
1161 4244 1315 4325 piaetatis

108 4342 185 4395 tuae
202 4328 347 4396 uacuuni
369 4334 600 4416 transigamus.
618 4333 729 4397 Uariis
751 4336 876 4397 etenim
899 4332 1184 4414 sollempnitatum
1200 4331 1315 4393 causis.

531 4540 539 4573 ¹
558 4543 677 4609 Heading
688 4544 793 4593 omitted
805 4543 830 4592 in
843 4544 899 4593 tls.
