3038 5106
452 359 508 409 DE
533 360 711 411 COMPUTO
739 361 945 411 ECCLESIAS
948 362 973 411 T
969 360 1039 413 ICO.
1314 372 1346 425 35

274 510 397 597 [Linea
412 512 534 577 christe
549 522 625 577 tuos
641 514 748 596 prima
758 525 807 577 est
818 534 904 596 quae
915 514 1065 577 continet
1075 534 1188 577 annos.
1201 513 1257 598 [fe.
1276 532 1344 593 19v.

276 598 392 681 Atque
406 600 554 663 secunda
569 610 663 664 tenet
678 601 808 683 cyclum
825 603 882 684 qui
899 602 1036 665 indictio
1052 604 1204 666 constat.¹

276 685 433 751 Seruauit
447 706 604 751 numeros
620 698 756 770 epactas
772 691 869 751 tertia
885 699 1000 751 certas.
1119 687 1122 693 ’

275 772 407 857 Quarta
422 774 494 837 dies
505 784 659 838 numerat
671 785 800 857 septem
817 775 998 839 bissextilis
1014 776 1102 838 anni.

276 858 405 943 Quinta
420 860 481 924 tibi
496 861 609 943 cyclos
625 861 747 925 lunaris
764 873 937 945 computat
952 863 1038 925 anni.

280 948 352 1011 Iam
367 959 487 1030 quarta
502 950 650 1012 decimas
665 949 819 1031 designat
834 960 998 1031 sextaque
1014 950 1117 1012 lunas.

278 1034 431 1117 Septima
447 1055 525 1098 nam
541 1037 685 1119 paschae
701 1037 848 1099 ostendit
864 1046 1063 1119 tempusque
1079 1037 1243 1119 diemque.

277 1122 438 1186 Aetatem
454 1121 552 1185 lunae
569 1132 732 1187 monstrat
747 1124 948 1186 nouissimus
963 1125 1054 1187 ordo.

279 1277 389 1340 Prima
404 1278 475 1341 dies
490 1277 612 1359 phoebi
628 1288 757 1341 sacrato
773 1279 908 1341 nomine
924 1277 1036 1359 fulget.

278 1362 447 1427 Uendicat
463 1374 497 1428 et
513 1364 625 1427 lucens
641 1364 756 1428 seriam
772 1366 835 1428 sibi
851 1366 930 1429 luna
944 1366 1135 1428 secundam.

280 1450 364 1513 Inde
379 1450 451 1513 dies
466 1451 580 1514 rutilat
597 1452 662 1514 iam
677 1453 773 1515 tertia
789 1453 905 1515 martis
920 1451 1054 1515 honore.

279 1536 462 1602 Mercurius
477 1548 631 1620 quartam
647 1538 880 1621 splendentem
897 1539 1045 1621 possidet
1061 1538 1156 1602 altus

282 1624 432 1707 Ioppiter
445 1644 523 1688 ecce
538 1646 681 1708 sequens
697 1627 848 1707 quintam
865 1627 928 1689 sibi
945 1627 1013 1689 iure
1029 1625 1164 1689 dicabit.

277 1710 471 1775 Concordat
486 1712 615 1775 ueneris
632 1733 754 1795 magne
769 1734 845 1776 curn
862 1715 997 1776 nomine
1012 1721 1118 1776 sexta.

281 1797 414 1861 Emicat
429 1798 518 1861 alma
533 1800 604 1861 dies
620 1811 756 1863 saturno
771 1802 913 1883 septima
929 1820 1070 1865 summo,

281 1952 381 2016 Ianus
396 1962 430 2016 et
445 1953 617 2018 octember
631 1955 717 2019 binis
730 1955 921 2037 regulantur
936 1953 1085 2018 habenis.

280 2038 347 2103 Ast
361 2038 495 2105 februus
511 2042 620 2123 quinis
636 2051 716 2105 ouat
731 2052 765 2105 et
781 2062 867 2105 mars
884 2050 985 2124 atque
1001 2040 1193 2105 nouember.

280 2126 415 2208 Aprelis
430 2138 519 2191 certe
534 2138 667 2192 constat
682 2138 716 2192 et
732 2128 830 2191 iulius
845 2130 928 2192 unis.

279 2212 369 2276 Tum
386 2216 491 2278 maius
508 2217 611 2278 ternis
627 2217 712 2279 nitet
727 2225 953 2298 augustusque
968 2216 1148 2298 quaternis.

282 2300 396 2363 lunius
410 2310 444 2364 et
459 2302 548 2365 senis
564 2303 654 2366 solus
670 2302 845 2365 manifeste
861 2304 1003 2366 metitur.

279 2386 478 2469 September
492 2390 618 2472 gaudet
633 2390 779 2472 septenis
794 2400 896 2472 atque
912 2388 1122 2472 september.²

280 2540 479 2625 September
489 2564 622 2627 semper
636 2545 746 2628 quinis
762 2545 924 2609 octimber
938 2545 1086 2609 habenis,

281 2629 403 2712 Sicque
419 2631 602 2695 nouember
617 2641 697 2695 ouat
713 2633 858 2715 septenis
874 2641 974 2713 atque
990 2633 1174 2696 december.

283 2716 383 2780 lanus
399 2718 460 2781 rite
475 2738 597 2782 nouem
614 2720 661 2783 sic
678 2739 765 2783 mars
781 2720 1035 2801 comprehendit
1050 2720 1196 2783 eosdem.

282 2802 370 2867 Inde
385 2805 501 2869 decem
518 2806 651 2870 februus
668 2806 835 2889 regulatur
850 2807 971 2889 aprelis
986 2816 1020 2869 et
1037 2808 1152 2871 isdem.

284 2888 375 2954 Hinc
389 2892 496 2955 maius
509 2895 648 2957 comites
664 2895 815 2957 undenos
832 2893 947 2956 ordine
963 2895 1100 2975 quaerit

283 2976 398 3041 Iunius
414 2979 636 3063 exultansque
652 2990 796 3044 retentat
811 2981 880 3043 iure
896 2981 1078 3044 duodenos.

285 3063 387 3128 lulius
403 3074 437 3129 at
452 3086 565 3130 caesar
581 3077 630 3130 ter
644 3068 739 3131 denis
755 3067 895 3131 testibus
911 3064 1069 3141 instatus†

280 3146 390 3231 Quart
404 3150 516 3227 denisi
531 3154 735 3236 regularibus
750 3164 785 3218 at
801 3155 943 3218 laetatur
958 3165 1104 3237 agustus.

284 3236 357 3301 Hos
374 3238 474 3321 igitur
485 3242 651 3323 regulares
667 3242 694 3304 si
710 3242 893 3323 coniungas
904 3243 1060 3324 aepactis.

283 3322 473 3407 Cognosces
490 3328 654 3391 mensium
666 3349 733 3410 qua
750 3329 829 3392 luna
844 3339 953 3392 aetate
970 3329 1138 3392 kalendas.

282 3408 443 3493 Quolibet
457 3412 521 3476 hae
536 3435 674 3479 numero
690 3416 776 3480 ultra
791 3417 858 3479 sint
873 3418 997 3479 citraue
1011 3416 1141 3497 trigena

283 3496 444 3581 Altiuago
460 3502 608 3565 rutulans
624 3504 817 3566 transcurrit
832 3503 976 3566 culmine
990 3503 1082 3568 caeli.

283 3648 437 3735 JBissena
454 3656 618 3719 mensium
635 3657 798 3740 uertigine
810 3658 956 3721 uoluitur
971 3678 1086 3720 annus.
1226 3655 1283 3737 [so.
1302 3671 1350 3717 20.

286 3736 488 3821 Septimanis
503 3743 613 3806 decies
628 3745 738 3826 quinis
760 3746 858 3807 simul
875 3757 975 3826 atque
990 3741 1135 3818 diebus.†

284 3824 352 3889 Ter
367 3830 514 3892 centenis
530 3829 647 3912 bisque
663 3832 799 3913 trigenis
815 3834 961 3913 quinque
977 3833 1104 3896 diebus.

283 3909 350 3994 Qui
374 3916 476 3979 ternis
491 3919 616 3998 gaudet
631 3918 757 3981 diuisus
772 3928 860 3980 stare
876 3918 1070 4000 columpnis.

286 3998 419 4065 Scilicet
435 4002 544 4067 idibus
560 4016 593 4068 et
610 4005 705 4067 nonis
721 4005 818 4068 simul
835 4016 936 4085 atque
953 4005 1112 4067 kalendis.

286 4084 442 4169 Namque
456 4090 593 4171 quadris
609 4101 765 4154 constant
781 4093 877 4154 nonis
893 4111 1063 4154 occurrere
1080 4110 1220 4154 menses.

285 4170 414 4239 Omnes
429 4187 574 4259 excepto
590 4188 695 4241 marte
711 4189 745 4242 et
761 4180 849 4241 maio
865 4180 1014 4260 sequitur
1029 4198 1121 4261 quos.

288 4260 392 4325 lulius
406 4264 577 4328 octember
595 4267 685 4329 senis
699 4266 760 4329 soli
777 4265 809 4328 hi
827 4267 1050 4330 moderantur.

381 4476 391 4510 ¹
407 4482 496 4534 Above
507 4484 550 4535 the
561 4486 631 4535 word
641 4492 736 4535 constat
747 4484 768 4535 is
779 4485 863 4536 added
876 4486 894 4512 ‘⁸
903 4486 933 4534 id
940 4492 975 4537 ert
985 4482 1108 4535 de'cr'tur.'’

383 4542 397 4575 '
411 4548 448 4599 So
459 4550 516 4601 MS.
530 4550 569 4601 lor
577 4552 705 4602 datinber.

1161 4630 1227 4677 ll2
