3038 5106
348 362 419 413 IIII.
450 361 537 413 Non:
568 362 651 413 FEB.
682 362 930 414 PURIFICATIO
953 363 980 413 S.
1011 362 1170 412 MARIAE.
1307 374 1353 429 159

150 510 317 575 exaudias
332 509 376 572 de
394 507 489 571 caelo
504 516 622 571 sancto
644 517 703 571 tuo
726 516 760 570 et
776 507 818 570 de
841 507 921 570 sede
944 507 1126 571 maiestatis
1142 516 1228 571 tuae.
1275 508 1352 571 Pro-

152 598 256 681 pitius
270 605 345 660 esto
359 597 441 660 deus
456 595 611 658 omnibus
627 594 848 657 clamantibus
864 593 907 656 ad
924 603 958 656 te
973 613 1057 676 quos
1074 594 1242 658 redemisti
1259 616 1351 679 prae-

152 686 241 748 tioso
257 684 428 764 sanguinis
443 680 508 756 tui†
523 682 580 764 qui
595 701 671 743 cum
688 677 795 765 d[e01]
810 690 905 763 patre
928 691 961 743 et
985 681 1102 763 spiritu
1129 692 1246 746 sancto
1268 683 1352 746 uiuis

152 781 191 835 et
200 770 349 854 gloriaris
364 771 448 833 deus
463 788 522 851 per
535 769 649 831 omnia
664 767 804 831 saecula

199 858 315 921 Finita
338 855 552 919 bennatnne
575 863 833 936 consparguntur
855 854 921 935 ipse
941 854 1069 917 candele
1091 876 1177 936 aqna
1193 856 1353 919 berredicta

151 954 189 1009 et
198 943 418 1027 purificentur
438 952 470 1005 et
492 942 539 1005 sic
562 941 603 1004 ab
628 941 735 1004 edituo
756 941 884 1023 singuli
901 941 1057 1024 singyclas.
1073 942 1233 1023 accipzhnl
1253 954 1352 1025 accep-

153 1042 269 1114 tasque
283 1030 435 1094 accedant
439 1029 614 1111 psallentes
627 1027 844 1109 antiphonam.

244 1119 325 1181 Ant.
350 1117 426 1179 Aue
453 1117 560 1197 gratia
584 1115 683 1197 plena
699 1114 752 1177 dei
773 1116 919 1197 genitrix
936 1115 1030 1195 uirgo
1047 1136 1091 1177 ex
1108 1126 1141 1178 te
1158 1117 1246 1179 enim
1263 1127 1354 1180 ortus

154 1216 208 1270 est
223 1204 272 1268 sol
301 1204 446 1268 iustitiae
473 1203 673 1266 inluminans
689 1222 775 1283 quae
799 1203 831 1263 in
859 1202 1003 1264 tenebris
1027 1211 1113 1264 sunt.
1162 1202 1303 1267 Laetare
1319 1214 1354 1267 tu

153 1294 267 1357 senior
282 1291 368 1355 iuste
383 1291 564 1372 suscipiens
580 1290 612 1351 in
629 1289 724 1353 ulnas
740 1288 950 1352 liberatorem
967 1289 1152 1352 animarum
1169 1301 1355 1355 nostrarum

155 1380 341 1443 donantem
358 1376 454 1440 nobis
468 1386 503 1440 et
521 1377 799 1439 resurrectionem.

203 1464 395 1548 Quesumus
418 1464 630 1546 omnipotens
657 1463 739 1525 deus
760 1472 818 1525 tua
841 1482 902 1525 nos
926 1462 1131 1544 protectione
1158 1464 1296 1528 custodi.
1323 1478 1356 1529 et

154 1553 391 1617 castimoniam
428 1551 595 1613 mentibus
627 1551 747 1612 nostris
777 1560 878 1630 atque
908 1549 1101 1631 corporibus
1131 1550 1357 1615 intercedente

158 1640 259 1705 beata
285 1639 388 1701 maria
414 1638 613 1719 propitiatus
637 1636 780 1718 indulge.
806 1646 842 1699 ut
870 1637 1023 1699 ueniente
1049 1656 1180 1718 sponso.
1205 1636 1272 1701 filio
1300 1650 1357 1703 tuo

156 1728 333 1810 unigenito
348 1726 494 1787 accensis
511 1724 720 1806 lampadibus
744 1724 864 1786 nostris
880 1723 1019 1804 dignum
1046 1734 1230 1805 prestemus
1247 1745 1358 1789 occur·

155 1834 244 1879 sum.
260 1834 320 1897 per
335 1811 487 1875 eundem.

431 1947 512 2011 Inde
526 1948 720 2030 egredientes
733 1957 854 2010 actitant
868 1945 1090 2028 aretipltonam.

201 2080 284 2143 Ant.
331 2078 471 2141 Adoma
495 2076 679 2140 thalamum
707 2086 802 2140 tuum
829 2076 901 2138 sion
923 2083 957 2137 et
981 2074 1110 2155 suscipe
1133 2094 1245 2155 regem
1261 2077 1362 2139 chris-

157 2176 231 2231 tum
262 2165 466 2247 amplectere
497 2165 635 2228 mariam
666 2184 751 2246 quae
785 2173 835 2226 est
867 2160 1018 2225 caelestis
1050 2170 1144 2243 porta
1175 2163 1247 2245 ipsa
1270 2166 1358 2228 enim

161 2265 272 2339 portat
297 2271 410 2333 regem
437 2251 562 2332 gloriae
589 2270 677 2314 nouo
702 2250 827 2313 lumine
854 2249 1004 2311 subsistit
1027 2250 1122 2329 uirgo
1137 2249 1308 2313 adducens
1325 2254 1356 2315 in

162 2340 317 2404 manibus
333 2338 437 2401 filium
453 2353 531 2401 ante
555 2337 725 2400 luciferum
742 2355 841 2419 quem
866 2336 1033 2417 accipiens
1051 2355 1191 2416 symeon
1212 2338 1244 2399 in
1263 2337 1359 2401 ulnas

159 2446 238 2491 suas
253 2424 459 2507 praedicauit
481 2424 612 2507 populis
628 2423 800 2486 dominum
825 2443 900 2485 eum
927 2442 1000 2485 esse
1026 2423 1115 2484 uitae
1140 2432 1174 2485 et
1199 2425 1313 2487 mortis
1329 2438 1362 2489 et

161 2514 365 2577 saluatorem
386 2512 509 2575 mundi.

607 2630 766 2711 Sequitur
779 2626 931 2712 [oratzo.²]

207 2736 355 2799 Domine
386 2736 454 2798 iesu
480 2734 600 2797 christe
626 2735 682 2816 qui
712 2734 873 2797 hodierna
902 2733 956 2795 die
981 2734 1013 2795 in
1041 2743 1153 2797 nostra
1178 2736 1365 2802 substantia

165 2824 249 2887 inter
271 2822 422 2886 homines
445 2842 653 2904 apparensa
677 2820 869 2903 parentibus
891 2820 922 2881 in
943 2820 1069 2902 templo
1095 2841 1131 2883 es
1156 2836 1363 2903 presentatus

162 2930 261 2993 quem
277 2928 418 2991 symeon
435 2908 631 2971 uenerabilis
647 2928 751 2970 senex
770 2907 895 2969 lumine
911 2909 1065 2989 spiritus³.
1112 2958 1118 2970 .
1164 2959 1170 2971 .
1217 2960 1223 2972 .

628 3076 705 3160 [ΑΒ
730 3076 886 3139 M1ssnu.
1221 3080 1277 3163 [so.
1299 3100 1366 3164 114

209 3196 434 3279 Omnipotens
471 3198 672 3278 sempiterne
698 3197 779 3260 deus
813 3196 1020 3258 maiestatem
1052 3207 1144 3260 tuam
1174 3203 1367 3285 suppliciter

165 3302 345 3347 exoramus
361 3293 397 3346 ut
413 3284 498 3346 sicut
514 3285 704 3365 unigenitus
721 3283 806 3347 filius
823 3296 899 3347 tuus
916 3282 1075 3346 hodierna
1091 3286 1145 3347 die
1160 3307 1236 3350 cum
1254 3304 1366 3354 nostra

167 3372 272 3434 carnis
288 3371 475 3434 substantia
492 3372 524 3432 in
541 3371 667 3453 templo
690 3382 741 3435 est
764 3380 973 3452 presentatus
990 3372 1035 3433 ita
1052 3392 1111 3434 nos
1137 3372 1237 3437 facias
1254 3378 1365 3457 purifi-

166 3460 250 3521 catis
266 3458 325 3521 tibi
344 3458 510 3521 mentibus
528 3460 708 3540 presentari
726 3479 784 3540 per
798 3458 950 3520 eundem.

691 3602 701 3673 l
706 3595 841 3659 Secreta.
1201 3598 1257 3682 [so.
1279 3620 1368 3681 114v.

213 3698 347 3763 Exaudi
365 3700 500 3763 domine
516 3720 649 3782 praeces
666 3708 793 3761 nostras
816 3708 850 3762 et
874 3708 909 3760 ut
926 3699 1028 3780 digna
1048 3701 1114 3762 sint
1131 3721 1267 3766 munera
1282 3726 1368 3786 quae

169 3786 378 3935 peulisdtuae
403 3788 586 3850 maiestatis
613 3786 789 3849 offerimus.
807 3785 993 3848 subsidium
1022 3788 1117 3850 nobis
1142 3802 1219 3851 tuae
1236 3792 1368 3871 pietatis

170 3892 281 3955 rmpen
307 3892 334 3935 e.
348 3894 414 3955 per.

202 4012 211 4045 ¹
227 4016 297 4081 Only
307 4018 350 4067 the
362 4016 414 4067 first
426 4018 499 4069 letter
510 4019 539 4069 ol
552 4018 602 4070 this
614 4018 682 4068 word
693 4034 799 4083 appears
811 4018 836 4067 in
849 4018 892 4067 tbe
905 4018 961 4067 MS.
998 4018 1054 4066 The
1065 4018 1111 4066 last
1124 4028 1175 4067 two
1187 4020 1250 4069 have
1263 4024 1370 4139 perhaps

171 4079 236 4131 been
246 4082 342 4143 erased,
356 4082 399 4133 the
410 4084 462 4134 first
474 4084 550 4149 being
561 4084 604 4134 lest
615 4084 743 4149 standing,
757 4083 875 4132 followed
887 4083 920 4146 by
931 4100 946 4132 a
958 4082 1029 4133 small
1047 4099 1121 4147 space
1132 4093 1158 4133 at
1170 4086 1213 4135 the
1225 4102 1266 4135 em
1286 4089 1314 4137 ol
1328 4100 1336 4139 t
1356 4107 1370 4141 e

172 4146 229 4197 line.

202 4210 214 4243 ²
228 4212 285 4263 The
296 4212 370 4262 latter
399 4224 436 4263 art
448 4214 478 4264 ol
485 4214 534 4264 this
545 4214 654 4279 heading
666 4214 686 4263 is
697 4215 786 4262 almost
799 4213 922 4264 invisible.

201 4274 219 4353 ἰ
229 4277 313 4327 There
324 4230 436 4328 isaieaf
449 4280 559 4345 wanting
570 4280 595 4330 in
607 4280 649 4329 the
662 4280 718 4331 MS.
738 4280 850 4328 between
871 4278 904 4328 so.
930 4291 974 4341 113
994 4279 1044 4327 and
1063 4278 1094 4327 lo.
1119 4292 1172 4340 114.
1209 4282 1264 4331 The
1282 4285 1370 4335 collect

170 4342 252 4393 nunu
264 4342 286 4393 is
297 4358 355 4393 now
367 4344 410 4393 leli
422 4344 573 4410 incomplete
584 4346 605 4394 is
616 4345 694 4394 lonnd
708 4344 734 4394 in
753 4345 794 4393 the
808 4344 905 4393 Leolric
923 4345 1019 4401 llissal,
1033 4345 1115 4393 where
1127 4346 1169 4395 the
1187 4348 1260 4397 latter
1274 4362 1328 4413 part
1345 4356 1370 4400 ol

171 4404 191 4457 it
203 4422 262 4457 runs
271 4422 300 4457 as
312 4406 427 4459 follows:
447 4412 466 4437 ‘⁴
476 4411 569 4461 lumine
580 4410 681 4485 spiritus
692 4410 770 4459 sancti
787 4409 923 4459 inradiatus
940 4410 1052 4473 agnouit,
1065 4411 1182 4475 suscepit,
1195 4424 1219 4463 et
1233 4414 1368 4475 benedixit,

171 4482 252 4537 presta
262 4473 394 4539 propitius,
407 4482 435 4523 ut
446 4474 558 4525 eiusdem
569 4476 669 4540 spiritus
680 4474 759 4525 sancti
770 4474 849 4539 gratia
860 4474 1002 4524 inluminati
1013 4486 1089 4539 atque
1106 4476 1189 4527 educti
1208 4487 1232 4528 te
1251 4480 1371 4531 ueraciter

169 4550 334 4605 mmm
344 4550 371 4589 et
382 4538 490 4591 fideliter
501 4541 642 4607 diligamus.
658 4539 731 4591 l’er.”
