3038 5106
453 334 544 385 DOM.
571 333 593 384 l.
613 332 661 383 IN
676 332 984 395 QUADRAGESIMA.

655 552 794 617 Secreta.

164 664 304 748 Suscipe
319 665 455 729 domine
472 664 669 729 sacrificium
686 666 779 728 cuius
795 676 829 728 te
846 663 980 727 uoluisti
1011 664 1189 745 dignanter
1206 664 1324 726 immo·

118 751 245 816 latione
260 754 392 837 placari.
412 763 544 835 praesta
560 773 743 835 quesumus
769 762 807 815 ut
822 752 933 833 lhuius
965 754 1159 833 operatione
1200 748 1256 835 [lo.
1271 767 1323 829 43.

119 842 271 906 mundati
282 839 525 923 beneplacitum
541 840 602 903 tibi
618 849 752 903 nostrae
762 840 883 902 mentis
895 837 1073 902 offeramus
1083 837 1248 901 affectum.
1258 857 1318 919 per

577 1006 640 1070 Ad
649 1006 876 1088 conpilendum.

164 1119 326 1185 Caelestis
341 1119 430 1182 uitae
447 1139 582 1182 munere
599 1120 744 1201 uegetati
761 1139 943 1201 quesumus
958 1118 1092 1182 domine
1108 1128 1143 1181 ut
1166 1118 1256 1200 quod
1272 1128 1323 1180 est

119 1207 218 1269 nobis
241 1208 274 1269 in
299 1207 481 1289 praesentis
504 1208 594 1269 uitae
625 1206 820 1288 mysterium
845 1206 904 1269 fiat
928 1206 1134 1269 aeternitatis
1150 1206 1322 1268 auxilium.

119 1314 180 1377 per
195 1295 379 1358 dominum.

587 1430 695 1511 Super
700 1430 864 1511 populum.

167 1559 268 1622 Parce
305 1558 442 1621 domine
472 1578 570 1641 parce
601 1557 725 1641 populo
753 1566 812 1621 tuo
842 1568 878 1621 ut
908 1559 1019 1641 dignis
1043 1556 1323 1641 flagellationibus

120 1646 306 1727 castigatus
323 1646 356 1709 in
373 1656 433 1709 tua
448 1646 660 1709 miseratione
676 1645 820 1727 respiret.
838 1667 904 1727 per.

413 1885 613 1950 Donnurca
631 1886 655 1949 1.
674 1899 716 1949 ru
734 1885 1050 1968 Qunonncasmn.

164 2034 257 2099 Deus
272 2035 330 2119 qui
346 2035 540 2100 aecclesiam
559 2046 651 2100 tuam
668 2058 780 2100 annua
796 2035 1076 2119 quadragesimali
1092 2035 1325 2099 obseruatione

120 2122 282 2205 purificas.
298 2134 431 2207 praesta
448 2123 593 2186 familiae
610 2134 688 2187 tuae
704 2134 740 2188 ut
756 2125 846 2205 quod
868 2145 888 2185 a
904 2134 937 2186 te
952 2123 1102 2186 obtinere
1125 2122 1325 2185 abstinendo

120 2209 235 2275 nititur
250 2210 313 2275 boc
330 2210 427 2275 bonis
442 2211 597 2295 operibus
611 2232 843 2294 exsequamur.
856 2231 916 2293 per
932 2210 1104 2274 dominum
1123 2219 1280 2272 nostrum.

653 2376 792 2442 Secreta.

165 2498 371 2565 Sacrificium
387 2501 686 2583 quadragesimalis
703 2502 786 2565 initii
810 2502 1040 2585 sollempniter
1062 2503 1276 2568 immolamus
1292 2514 1325 2567 te

121 2586 257 2650 domine
272 2588 499 2671 deprecantes.
515 2598 553 2651 ut
569 2609 645 2650 cum
662 2589 855 2672 aepularum
872 2592 1078 2653 restrictione
1097 2593 1288 2655 carnalium.
1305 2614 1325 2655 a

122 2674 233 2736 noxiis
255 2694 389 2757 quoque
404 2675 633 2757 uoluptatibus
645 2686 877 2760 temperemur.
895 2699 953 2759 per
968 2679 1151 2743 dominum.

630 2841 812 2922 Praefatio.

165 2963 216 3027 (D
233 2984 291 3046 per
313 2964 473 3028 christum
497 2966 671 3028 dominum
692 2979 850 3031 nostrum.
884 2965 950 3048 Qui
967 2970 1168 3033 continuatis
1184 2973 1324 3053 quadra-

124 3050 218 3131 ginta
240 3049 359 3114 diebus
382 3060 415 3115 et
438 3054 603 3116 noctibus.
627 3053 689 3116 hoc
713 3054 870 3116 ieiunium
895 3075 961 3117 non
985 3057 1131 3119 esuriens
1147 3058 1324 3124 dedicauit.

126 3136 247 3201 Postea
269 3139 358 3201 enim
381 3140 505 3201 esuriit.
529 3160 596 3202 non
620 3149 690 3203 tam
707 3142 829 3222 cybum
853 3140 1025 3204 hominum
1049 3164 1150 3224 quam
1174 3147 1324 3209 salutem.

125 3222 197 3287 Nec
220 3245 391 3288 aescarum
414 3225 630 3289 saecularium
662 3227 799 3309 aepulas
824 3229 1021 3309 concupiuit.
1053 3230 1112 3293 sed
1139 3233 1323 3295 animarum

124 3310 325 3375 desiderauit
341 3313 451 3394 potius
467 3314 687 3376 sanctitatem.
705 3315 818 3396 Cybus
832 3335 976 3396 namque
991 3316 1060 3377 eius
1073 3328 1130 3379 est.
1143 3320 1326 3401 redemptio

124 3397 331 3479 populorum.
348 3403 452 3480 cybus
472 3402 543 3462 eius
558 3411 609 3463 est
621 3402 723 3463 totius
734 3402 819 3463 bone
836 3401 1173 3468 uoluntatisafsectus.
1186 3406 1251 3487 Qui
1265 3427 1325 3469 nos

125 3484 238 3547 docuit
254 3488 382 3566 operari
400 3506 465 3550 non
481 3486 589 3549 solum
614 3487 737 3568 cybum
753 3490 809 3570 qui
827 3490 964 3551 terrenis
980 3491 1122 3571 dapibus
1145 3506 1326 3573 apparatur

125 3570 300 3633 sedetiam
324 3592 401 3634 eum
432 3574 488 3655 qui
509 3574 710 3655 [diuinarum
735 3577 970 3656 scripturarum
1003 3576 1144 3641 lectione
1174 3578 1229 3660 [sn.
1252 3598 1325 3661 43v.

126 3659 313 3739 percipitur.
328 3679 502 3742 perquem
520 3663 728 3725 maiestatem
751 3673 853 3725 tuam.

577 3819 642 3883 Ad
651 3821 877 3902 complendum.

167 3946 233 4013 Tui
265 3967 326 4011 nos
355 3948 491 4012 domine
521 3950 718 4012 sacramenti
750 3949 865 4013 libatio
896 3962 1011 4016 sancta
1042 3964 1210 4019 restauret.
1243 3968 1276 4020 et
1307 3980 1327 4021 a

125 4045 293 4100 uetustate
304 4046 463 4119 purgatos
476 4038 508 4099 in
521 4036 670 4118 mysterii
683 4034 836 4099 salutaris
848 4038 946 4102 iaciat
960 4042 1099 4104 transire
1115 4046 1327 4109 consortium.

127 4142 184 4205 per
198 4123 383 4187 dominum.

589 4261 698 4346 Super
702 4264 867 4345 populum.

172 4390 228 4455 Da
243 4390 339 4455 nobis
353 4410 533 4475 quesumus
548 4392 759 4474 omnipotens
775 4394 865 4456 deus
882 4403 915 4456 et
931 4405 1085 4463 aeternae
1101 4398 1328 4483 promissionis

129 4478 252 4563 gaudia
266 4498 431 4563 quaerere.
447 4488 481 4543 et
496 4480 646 4561 quaesita
662 4480 758 4543 citius
774 4480 931 4545 inuenire.
947 4503 1013 4565 per.
