3038 5106
458 352 575 403 HEBD.
604 352 674 402 IIII.
705 350 843 414 QUADR.
876 351 995 402 SABBA
1002 353 1027 402 Τ
1026 354 1054 403 0.

609 557 673 621 Ad
684 557 909 638 complendum.

200 668 368 734 Caelestia
382 670 471 734 dona
486 670 694 755 capientibus
710 690 891 752 quesumus
901 670 1044 733 domine.
1057 690 1124 733 non
1141 672 1184 735 ad
1202 671 1358 736 iudicium

154 759 328 907 perudenire
354 759 499 840 patiaris
515 759 605 839 quod
627 756 781 821 fidelibus
805 759 870 820 tuis
898 759 939 821 ad
967 759 1150 821 remedium
1177 761 1360 841 prouidisti.

152 864 214 926 per
251 864 410 909 ominum.

621 948 729 1031 Super
737 949 900 1030 populum.

200 1059 319 1143 Populi
336 1060 383 1123 tui
399 1061 483 1123 deus
499 1061 668 1125 institutor
682 1070 716 1123 et
732 1072 839 1123 rector
860 1070 999 1142 peccata
1021 1060 1141 1141 quibus
1158 1061 1360 1142 inpugnatur

153 1147 291 1297 ἓκρςίἰε
306 1157 342 1211 ut
358 1168 491 1232 semper
506 1148 566 1212 tibi
592 1148 742 1231 placitus.
758 1158 792 1211 et
808 1158 866 1211 tuo
882 1149 1064 1210 munimine
1086 1148 1129 1211 sit
1144 1168 1285 1211 securus.
1302 1170 1361 1231 per

180 1254 339 1298 ominum.

652 1414 787 1503 stmA
803 1416 863 1480 VI.
1213 1418 1270 1502 [so.
1288 1433 1303 1499 5
1309 1436 1358 1499 3v.

202 1555 296 1618 Deus
311 1553 367 1635 qui
388 1551 609 1616 ineffabilibus
633 1555 795 1617 mundum
823 1574 961 1616 renouas
985 1556 1208 1619 sacramentis.
1229 1567 1362 1638 praesta

157 1652 195 1705 ut
210 1641 370 1704 aecclesia
387 1651 443 1704 tua
461 1643 602 1704 aeternis
618 1641 768 1723 proficiat
794 1642 964 1705 institutis.
981 1652 1014 1705 et
1039 1643 1277 1725 temporalibus
1293 1665 1359 1707 non

157 1728 358 1792 destituatur
373 1728 514 1791 auxiliis,
530 1749 589 1810 per
603 1729 785 1791 dominum.

694 1865 831 1930 Secreta.

202 1978 344 2041 Munera
367 1998 428 2041 nos
452 1977 588 2041 domine
611 1999 792 2059 quesumus
818 1978 933 2042 oblata
948 1976 1141 2060 purificent.
1158 1986 1191 2042 et
1215 1987 1248 2042 te
1265 1979 1360 2042 nobis

159 2065 279 2148 iugiter
294 2064 417 2128 saciant
434 2085 505 2128 esse
521 2065 701 2147 placitum.¹
715 2086 781 2147 per.

678 2203 860 2285 Praefatio.

203 2307 253 2372 (b
278 2326 337 2389 per
359 2305 517 2369 christum
541 2306 715 2369 dominum
741 2317 898 2369 nostrum.
945 2305 1011 2388 Qui
1039 2316 1089 2370 est
1115 2317 1276 2371 aeternus.
1300 2309 1359 2372 lux

162 2392 361 2457 indeficiens.
381 2393 513 2456 claritas
540 2394 750 2475 sempiterna.
797 2393 862 2475 Qui
880 2395 926 2456 sic
951 2413 1108 2475 sequaces
1124 2415 1201 2457 suos
1228 2397 1260 2457 in
1289 2396 1360 2459 luce

162 2481 329 2562 praecepit
345 2480 516 2543 ambulare
532 2491 569 2543 ut
585 2482 692 2542 noctis
708 2491 862 2543 aeternae
878 2481 1011 2544 ualeant
1022 2481 1197 2563 caliginem
1211 2484 1360 2546 euadere.

162 2578 194 2631 et
219 2568 261 2630 ad
288 2567 369 2629 lucis
395 2569 537 2649 patriam
568 2566 707 2630 feliciter
733 2568 911 2648 peruenire.
958 2566 1023 2649 Qui
1054 2589 1113 2649 per
1138 2568 1359 2632 humilitatem

163 2655 338 2736 adsumpte
354 2654 570 2716 humanitatis
594 2654 739 2717 lazarum
763 2654 862 2717 fleuit.
887 2674 946 2736 per
968 2655 1152 2717 diuinitatis
1175 2658 1360 2737 potentiam

162 2742 249 2805 uitae
262 2741 417 2804 reddidit.
434 2761 604 2822 genusque
627 2741 810 2803 humanum
835 2740 1020 2822 quadrifida
1036 2752 1255 2823 peccatorum.
1273 2744 1360 2805 mole

163 2826 316 2891 obrutum
343 2829 386 2890 ad
411 2830 516 2891 uitam
542 2829 676 2891 reducit.
733 2828 794 2890 Per
827 2847 926 2908 quem
951 2829 1095 2911 petimus
1114 2829 1223 2890 ieiunii
1250 2830 1360 2893 obser-

163 2915 295 2978 uatione
311 2935 331 2977 a
348 2926 557 2996 peccatorum
575 2927 761 2977 nostrorum
786 2915 928 2977 nexibus
944 2916 1036 2977 solui.
1052 2925 1085 2978 et
1101 2925 1255 2978 aeternae
1272 2918 1359 2979 uitae

165 3000 310 3065 felicitati
336 3002 437 3063 reddi.
459 3012 493 3064 et
518 3012 707 3064 sanctorum
733 3002 883 3064 coetibus
915 3004 1152 3065 connumerari.
1177 3024 1235 3085 per
1261 3023 1359 3085 quem

165 3090 371 3153 maiestatem
389 3099 490 3152 tuam.

616 3192 679 3255 Ad
687 3192 912 3275 conpilendum.

205 3296 302 3359 Haec
326 3316 387 3358 nos
411 3315 591 3376 quesumus
615 3297 750 3359 domine
777 3297 987 3378 participatio
1009 3298 1213 3359 sacramenti.
1230 3308 1264 3361 et
1287 3319 1361 3380 pro·

165 3384 238 3464 priis
269 3382 415 3446 reatibus
446 3384 670 3445 indesinenter
699 3385 868 3466 expediat.
900 3394 933 3445 et
964 3384 1007 3446 ab
1037 3385 1192 3446 omnibus
1229 3396 1361 3448 tueatur

165 3470 315 3535 aduersis.
331 3490 398 3553 per.

625 3572 733 3655 Super
738 3575 901 3655 populum.

204 3685 259 3749 Da
288 3703 470 3767 quesumus
494 3685 707 3767 omnipotens
737 3686 819 3748 deus
849 3694 886 3748 ut
912 3687 968 3767 qui
999 3684 1199 3749 infirmitatis
1230 3699 1362 3752 nostrae

167 3772 282 3835 conscii
299 3773 342 3835 de
358 3782 416 3834 tua
431 3775 553 3835 uirtute
576 3771 782 3836 confidimus,
798 3773 860 3835 sub
877 3784 934 3836 tua
949 3794 1081 3856 semper
1096 3775 1220 3856 pietate
1237 3778 1360 3857 gaude-

167 3877 264 3922 amus.
281 3879 341 3942 per
355 3860 529 3922 dominum
546 3869 704 3923 nostrum.

674 4050 852 4118 susurro,

204 4170 280 4236 Fiat
296 4171 434 4235 domine
449 4190 628 4253 quesumus
653 4192 712 4254 per
735 4174 876 4254 gratiam
905 4184 995 4238 tuam
1021 4175 1206 4240 fructuosus
1230 4187 1361 4242 nostrae

165 4258 363 4343 deuotiolnis
379 4256 527 4323 affectus·
543 4260 622 4340 quia
637 4269 715 4322 tunc
733 4261 828 4323 nobis
844 4264 1026 4344 proderunt
1046 4275 1200 4346 suscepta
1238 4264 1292 4347 [so.
1313 4282 1360 4347 54.

166 4344 290 4410 ieiunia.
305 4347 334 4410 si
349 4356 429 4411 tuae
443 4346 510 4410 sint
525 4346 648 4428 placita
664 4347 788 4428 pietati.
804 4368 870 4430 per.

584 4528 592 4563 ¹
611 4532 737 4599 Probably
745 4534 783 4583 sor
788 4535 925 4599 placatum.
