3038 5106
224 353 273 417 298
624 352 782 405 AGENDA
805 352 1057 405 MORTUORUM.

227 507 302 571 niae
327 528 485 589 usquequo
507 508 622 571 anima
643 520 788 591 corporae
801 518 949 572 terrenae
960 507 1175 591 comptionis
1188 508 1383 571 absoluatur
1395 508 1431 569 in

228 595 321 659 curtes
335 594 474 677 egressu¹
489 595 622 657 dt‘catur
634 596 818 677 antiphona.

271 682 350 744 Ant.
374 681 542 763 Suscipiat
566 693 600 745 te
623 683 764 746 christus
789 684 846 765 qui
873 683 997 745 creauit
1021 693 1054 745 te
1079 692 1112 746 et
1129 684 1162 744 in
1187 683 1261 745 sinu
1285 681 1432 745 abrahae

227 768 337 851 angeli
352 769 520 832 deducant
536 778 577 832 te.

271 855 361 919 Psol.
386 855 425 918 In
442 857 535 918 exitu
553 857 678 919 israhel.

761 975 883 1041 Oratio.

273 1086 497 1170 Omnipotens
514 1090 714 1171 sempiterne
729 1090 820 1153 deus,
831 1089 887 1170 qui
901 1088 943 1150 ab
955 1087 1102 1151 humano
1119 1085 1264 1169 corpori‘t
1279 1087 1429 1150 animam

230 1176 272 1238 ad
304 1175 553 1238 similitudinem
585 1187 676 1239 tuam
709 1176 866 1258 inspirare
896 1178 1053 1257 dignatus
1076 1197 1122 1237 es.
1148 1178 1227 1236 dum
1244 1186 1278 1237 te
1294 1175 1429 1236 iubente

230 1262 339 1343 puluis
355 1263 387 1324 in
405 1261 573 1345 puluerem
591 1264 772 1325 reuertitur.
797 1273 831 1325 tu
856 1264 1035 1343 imaginem
1052 1273 1144 1325 tuam
1162 1282 1237 1323 cum
1254 1262 1380 1323 sanctis
1396 1272 1429 1323 et

229 1347 342 1411 electis
368 1350 440 1411 tuis
466 1351 608 1412 aeternis
630 1351 764 1412 sedibus
781 1350 894 1412 iubeas
910 1350 1035 1411 sociari.
1053 1369 1195 1430 eumque
1211 1349 1253 1410 ad
1270 1358 1304 1410 te
1321 1368 1429 1409 reuer-

229 1445 353 1498 tentem
371 1438 413 1499 de
428 1438 564 1519 aegypti
582 1438 729 1518 partibus
747 1436 868 1498 blande
884 1436 1065 1517 leniterque
1075 1437 1234 1517 suscipias
1247 1445 1279 1497 et
1290 1434 1429 1517 angelos

229 1532 303 1585 tuos
319 1533 451 1585 sanctos
477 1526 505 1585 ei
532 1524 665 1586 obuiam
694 1525 815 1586 mittas.
839 1524 994 1605 uiamque
1017 1524 1160 1585 iustitiae
1176 1523 1379 1584 demonstra
1395 1532 1429 1583 et

229 1620 341 1690 portas
371 1610 494 1691 gloriae
525 1621 601 1673 tuae
627 1612 725 1692 aperi.
783 1611 920 1692 Repelle
950 1630 1129 1691 quesumus
1160 1608 1280 1671 habe0²
1311 1628 1429 1671 omnes

229 1697 392 1778 principes
419 1698 637 1759 tenebrarum.
662 1709 695 1760 et
719 1718 863 1779 agnosce
887 1698 1074 1780 depositum
1101 1696 1197 1760 fidele
1218 1696 1308 1777 quod
1333 1705 1429 1758 tuum

229 1792 287 1845 est.
348 1783 485 1864 Suscipe
516 1786 652 1846 domine
682 1795 865 1847 creaturam
896 1795 997 1847 tuam.
1029 1804 1095 1845 non
1135 1806 1178 1845 ex
1217 1784 1280 1846 diis
1311 1782 1428 1844 alienis

228 1880 381 1932 creatam.
398 1872 455 1932 sed
473 1881 540 1933 ate
556 1873 628 1934 solo
655 1873 719 1935 deo
741 1872 821 1934 uiuo
843 1882 877 1934 et
901 1892 987 1934 uere.
1004 1872 1162 1952 quianon
1180 1881 1230 1932 est
1246 1870 1330 1931 alius
1345 1870 1428 1931 deus

230 1967 358 2039 praeter
373 1967 406 2019 te
422 1958 564 2020 domine.
581 1969 614 2020 et
639 1979 703 2021 non
728 1967 779 2021 est
794 1959 976 2020 secundum
993 1978 1094 2038 opera
1116 1967 1173 2020 tua
1198 1955 1339 2019 laetifica
1364 1956 1428 2017 cle·

229 2044 433 2105 mentissime
449 2045 530 2107 deus
546 2046 692 2107 animam
708 2046 793 2108 serui
804 2045 860 2108 tui.
876 2055 909 2107 et
925 2044 1068 2107 clarifica
1083 2064 1158 2106 eum
1170 2044 1202 2105 in
1215 2042 1429 2105 multitudine

229 2130 472 2194 misericordiae
493 2142 577 2195 tuae.
626 2133 677 2194 Ne
694 2133 882 2194 memineris
908 2152 1087 2213 quesumus
1120 2131 1332 2211 iniquitatum
1359 2131 1430 2192 eius

228 2219 446 2299 antiquarum.
470 2228 504 2280 et
528 2219 725 2282 ebrietatum
751 2221 820 2281 eius
849 2240 931 2300 quas
954 2219 1125 2281 suscitauit
1141 2218 1229 2280 furor
1245 2217 1324 2279 mali
1340 2218 1428 2279 desi-

228 2305 317 2367 derii.
364 2306 458 2367 Licet
474 2306 561 2367 enim
578 2308 728 2388 peccauit
744 2315 856 2368 tamen
873 2326 939 2367 non
958 2316 989 2367 te
1007 2308 1149 2385 negauit.
1165 2306 1223 2366 sed
1240 2305 1337 2386 signo
1351 2302 1428 2365 fidei

230 2392 405 2473 insignitus
421 2402 519 2473 teque
536 2394 626 2455 omni
642 2404 676 2455 et
692 2413 767 2455 eum
791 2393 904 2474 quem8
928 2392 1013 2455 inter
1029 2393 1142 2455 omnia
1163 2391 1268 2453 fecisti
1286 2389 1429 2453 fideliter

227 2478 386 2541 adorauit.
403 2480 457 2559 qui
475 2481 567 2542 uiuis.

269 2562 363 2649 irini.
388 2566 516 2629 Chorus
528 2566 721 2645 angelorum
735 2576 768 2629 te
779 2566 937 2647 suscipiat
949 2576 982 2628 et
999 2567 1029 2627 in
1044 2567 1116 2627 sinu
1133 2560 1343 2643 abrahae[so.
1356 2580 1427 2643 213.

227 2653 270 2714 ibi
287 2662 320 2753 te
336 2653 475 2715 collocet
491 2664 523 2715 et
540 2675 614 2715 cum
632 2653 740 2716 lazaro
756 2651 944 2734 quoddaml
960 2674 1103 2734 paupere
1120 2663 1288 2714 aeternam
1303 2652 1428 2713 habeas

228 2761 242 2799 r
309 2760 381 2801 rm.

242 2759 358 2888 cabreri
384 2827 498 2889 Dilexi
514 2828 681 2908 quoniam.
731 2826 837 2907 Usque
850 2826 952 2888 adad
968 2828 1149 2888 dominum.

770 2964 892 3027 Oratio.

270 3067 342 3130 Diri
367 3068 510 3130 uulneris
537 3070 685 3131 nouitate
702 3069 849 3149 perculsi.
866 3077 900 3130 et
915 3068 1165 3149 quodammodo
1181 3066 1335 3128 cordibus
1352 3087 1428 3126 suu-

226 3154 302 3216 ciati
329 3156 586 3218 misericordiam
615 3167 707 3217 tuam
736 3157 849 3218 mundi
875 3158 1065 3236 redemptor
1095 3153 1257 3215 flebilibus
1288 3153 1427 3214 uocibus

228 3241 449 3323 imploramus
481 3252 517 3304 ut
544 3243 613 3304 kari
644 3244 747 3304 nostri
774 3243 920 3304 animam
946 3243 988 3302 ad
1017 3252 1107 3303 tuam
1132 3241 1343 3302 clementiam
1369 3240 1424 3319 equi

227 3328 299 3390 fons
316 3330 448 3409 pietatis
464 3352 507 3391 es
525 3339 743 3391 reuertentem
761 3328 882 3390 blande
906 3328 1086 3409 leniterque
1102 3328 1268 3407 suscipias.
1285 3337 1318 3388 et
1344 3347 1426 3407 quas

228 3415 282 3477 illa
298 3436 341 3476 ex
358 3418 480 3479 carnali
505 3418 766 3479 commoratione
794 3417 962 3478 contraxit
989 3415 1143 3476 maculas.
1161 3424 1194 3474 tu
1212 3415 1292 3474 deus
1309 3413 1425 3475 inolita

228 3504 374 3564 bonitate
391 3504 569 3565 clementer
585 3503 696 3565 deleas
713 3505 786 3584 piae
804 3503 984 3583 indulgeas.
1001 3501 1158 3563 obliuioni
1177 3502 1207 3560 in
1225 3509 1424 3581 perpetuum

226 3590 345 3651 tradas
371 3600 469 3671 atque
496 3591 583 3652 hanc
610 3591 741 3652 laudem
767 3591 826 3652 tibi
852 3611 927 3651 cum
951 3590 1066 3650 ceteris
1091 3588 1301 3649 reddituram.
1325 3596 1359 3649 et
1381 3586 1424 3647 ad

225 3696 344 3759 corpus
369 3679 570 3758 quandoque
583 3698 795 3738 reuersuram.
823 3688 1011 3739 sanctorum
1035 3673 1187 3746 suoruml
1203 3675 1351 3736 coetibus
1367 3673 1424 3735 ad·

224 3765 351 3845 gregari
377 3766 567 3846 praecipias.
583 3766 639 3844 qui
656 3785 730 3826 cum
747 3767 818 3828 deo.

523 3902 553 3963 Τ
551 3922 613 3962 unc
634 3912 723 3983 roget
736 3913 799 3982 pro
820 3921 853 3962 co
875 3920 969 3963 orare
989 3898 1141 3961 sacerdos.

270 4007 315 4070 Et
333 4026 373 4068 ne
390 4026 451 4068 nos
468 4006 612 4068 inducas.

272 4094 434 4174 Requiem
450 4106 619 4155 aeternam
636 4093 725 4154 dona
740 4092 770 4154 ei
786 4092 929 4154 domine.

271 4182 398 4242 Anima
413 4181 482 4242 eius
500 4181 531 4241 in
549 4180 653 4242 bonis.

260 4322 266 4352 ¹
284 4325 347 4374 This
359 4325 427 4373 word
439 4324 559 4373 hasbeen
572 4323 623 4372 first
635 4322 733 4372 written
743 4338 845 4387 egressa.

258 4455 269 4486 ‘³
284 4389 550 4519 'ibeMresadsiiigatifeibe
568 4452 625 4503 MS.
640 4453 661 4502 is
672 4453 764 4517 clearly
774 4460 880 4518 corrupt.
919 4452 1028 4517 Perhaps
1040 4452 1059 4501 it
1070 4451 1148 4516 ought
1166 4459 1193 4501 to
1204 4450 1235 4499 be
1246 4456 1270 4499 te
1280 4449 1328 4513 qui
1336 4452 1425 4498 omnio

224 4536 335 4584 rumque.
