3038 5106
148 348 198 402 2⁶⁸
403 304 408 311 ’
472 345 585 398 mssa
607 345 657 397 ru
678 342 1022 399 conrarvmouraus

602 499 897 584 Adcomplenduna

193 618 328 682 Praesta
343 614 479 679 domine
493 632 675 696 quesumus
690 622 728 677 ut
743 632 803 695 per
813 612 895 675 haec
911 618 1027 674 sancta
1041 628 1128 692 quae
1143 609 1348 692 sumpsimus

149 702 365 770 dissimulatis
390 699 646 765 lacerationibus
672 699 910 782 improborum.
935 698 1054 761 eadem
1078 706 1113 761 te
1138 695 1349 778 gubernante

149 811 235 875 quae
250 800 340 853 recta
355 797 434 853 sunt
449 788 577 852 cautius
592 806 809 870 exequamur.
824 807 891 869 per.

334 1017 452 1081 Mrssn
476 1014 635 1082 Conana
661 1016 815 1080 lunrcas
840 1016 952 1079 Mate
976 1013 1165 1078 Assuras.

193 1161 377 1225 AEcclesiae
393 1174 470 1227 tuae
486 1162 621 1226 domine
636 1182 771 1244 praeces
786 1153 936 1244 placatus
952 1159 1102 1225 admitte.
1120 1168 1157 1223 ut
1172 1158 1353 1223 destructis

150 1248 407 1313 aduersitatibus
422 1250 584 1313 uniuersis
599 1269 713 1313 secura
725 1249 786 1312 tibi
796 1249 918 1312 seruiat
934 1247 1093 1311 libertate.
1106 1266 1165 1328 per
1175 1245 1352 1309 dominum

151 1343 311 1399 nostrum.

683 1455 822 1521 Secreta.

195 1566 335 1650 Protege
350 1568 485 1631 domine
500 1588 682 1650 quesumus
706 1569 772 1631 tuis
796 1567 961 1650 mysteriis
977 1567 1158 1629 seruientes
1174 1574 1210 1628 ut
1227 1564 1354 1628 diuinis

152 1656 249 1718 rebus
265 1665 298 1717 et
314 1674 450 1738 corpore
466 1655 664 1719 famulemur
679 1665 713 1718 et
729 1664 848 1718 mente.
864 1674 930 1736 per.

604 1801 635 1863 A
639 1800 667 1863 d
675 1799 901 1883 complendusn.

195 1910 385 1995 Quesumus
411 1913 547 1975 domine
573 1914 654 1976 deus
677 1922 790 1976 noster
805 1922 841 1975 ut
856 1931 940 1994 quos
955 1911 1070 1974 diuina
1085 1910 1201 1974 tribuis
1218 1911 1352 1992 partici-

151 2000 286 2082 patione
300 2001 454 2081 gaudere.
472 1999 626 2062 humanis
642 2019 708 2063 non
725 1999 813 2062 sinas
829 1998 999 2062 subiacere
1015 1997 1178 2080 periculis.
1195 2017 1262 2079 per.

498 2226 615 2291 Mrssa
639 2227 797 2293 Cournn
821 2229 1002 2292 Pisanos.

196 2370 341 2435 Domine
350 2370 432 2435 deus
448 2371 504 2453 qui
515 2372 557 2435 ad
570 2372 633 2435 hoc
645 2371 791 2435 irasceris
802 2380 839 2435 ut
850 2372 1027 2436 subuenias
1038 2371 1079 2434 ad
1091 2371 1154 2434 hoc
1166 2370 1304 2433 minaris
1313 2379 1353 2433 ut

151 2478 275 2540 parcas.
292 2458 393 2540 lapsis
410 2478 546 2521 manum
563 2459 701 2542 porrige.
717 2469 751 2522 et
774 2459 1001 2523 laborantibus
1025 2457 1199 2540 multiplici
1216 2457 1353 2519 misera-

151 2546 242 2608 tione
257 2565 417 2608 succurre.
441 2555 477 2607 ut
504 2556 638 2627 gentem
662 2566 829 2628 paganam
853 2566 954 2628 quam
977 2566 1038 2629 pro
1061 2545 1206 2627 peccatis
1230 2544 1354 2607 nostris

151 2651 249 2714 super
279 2653 339 2694 nos
377 2634 608 2715 cognoscimus
647 2633 842 2714 praeualere.
882 2645 914 2697 te
953 2633 1130 2695 miserante
1168 2631 1354 2694 sentiamus

150 2738 285 2781 cessare.
302 2738 361 2801 per
375 2720 557 2783 dominum.

681 2839 817 2904 Secreta.

197 2952 400 3017 Sacrificium
429 2953 564 3015 domine
590 2954 679 3034 quod
711 2953 923 3015 immolamus
954 2952 1097 3015 intende.
1122 2961 1155 3013 et
1185 2950 1228 3013 ab
1259 2951 1351 3014 omni

152 3059 358 3121 paganorum
390 3060 450 3101 nos
482 3051 585 3102 exuat
616 3039 776 3102 bellorum
805 3041 960 3120 nequitia.
992 3049 1028 3102 ut
1054 3048 1113 3101 tua
1143 3038 1353 3119 protectione

152 3127 363 3189 securitatem
380 3128 569 3189 constituat.
587 3147 645 3208 per
660 3127 841 3189 dominum.

598 3271 660 3333 Ad
670 3271 896 3352 complendum.

197 3382 367 3445 Protector
395 3392 506 3445 noster
530 3384 642 3464 aspice
666 3385 755 3446 deus
782 3396 814 3447 et
842 3404 861 3444 a
888 3403 1093 3465 paganorum
1122 3402 1182 3444 nos
1209 3381 1355 3445 deiende

153 3469 312 3552 periculis.
344 3480 381 3532 ut
411 3470 500 3531 omni
533 3470 720 3533 turbatione
751 3471 906 3533 submota
937 3471 1047 3532 liberis
1085 3470 1143 3533 tibi
1183 3469 1353 3531 mentibus

151 3558 342 3619 seruiamus.
359 3577 417 3638 per
431 3557 615 3619 dominum.

453 3776 585 3860 [Missa
609 3792 648 3839 ru
675 3779 1022 3844 coaraurronraus.
1207 3775 1354 3857 [f0·194·

197 3918 419 4000 Omnipotens
437 3919 637 4000 sempiterne
660 3921 742 3982 deus
764 3921 820 4002 qui
844 3920 994 4002 superbis
1011 3920 1141 3982 resistis.
1159 3927 1192 3980 et
1208 3917 1351 3997 gratiam

154 4016 301 4086 praestas
318 4005 505 4067 humilibus,
522 4006 630 4069 tribue
645 4027 825 4088 quesumus
841 4018 877 4070 ut
893 4028 959 4070 non
976 4006 1240 4089 indignationem
1257 4012 1351 4066 tuam

154 4112 372 4174 prouocemus
388 4093 474 4156 elati.
492 4095 548 4155 sed
567 4095 811 4176 propitiationis
827 4105 905 4157 tuae
921 4095 1090 4175 capiamus
1102 4093 1191 4155 dona
1203 4090 1354 4153 subiecti.

154 4200 211 4260 per
226 4181 399 4242 dominum
416 4189 576 4242 nostrum.

684 4301 820 4365 Secreta.

197 4410 254 4474 Ab
271 4413 362 4474 omni
379 4420 471 4475 reatu
484 4432 545 4474 nos
560 4413 696 4476 domine
712 4423 828 4477 sancta
854 4434 940 4496 quae
963 4423 1146 4479 tractamus
1162 4409 1353 4475 absoluant.

153 4510 186 4561 et
204 4498 321 4561 eadem
339 4499 491 4562 muniant
506 4519 525 4562 a
542 4499 643 4563 totius
658 4500 834 4582 prauitatis
849 4501 989 4564 incursu.
1004 4521 1069 4583 per.
