3038 5106
239 78 258 111 ι

237 324 285 390 258
475 324 587 377 mssa
612 324 686 377 Pro
707 322 923 376 PETITIONE
941 324 1210 378 LACRIMARUM.

745 478 928 560 Praefatio.

278 592 328 657 (θ
345 600 478 655 aeterne
493 592 582 655 deus.
621 591 803 655 Humiliter
817 601 909 655 tuam
925 589 1161 674 depraecantes
1176 592 1389 656 clementiam
1406 602 1441 656 ut

233 680 375 763 gratiam
406 680 511 742 sancti
541 679 675 763 spiritus
705 679 879 742 animabus
908 678 1030 741 nostris
1059 679 1240 743 clementer
1269 678 1442 744 infundere

233 767 392 917 plipgpspplip¹
404 776 440 830 ut
460 775 494 830 te
517 766 661 849 perfecte
675 766 821 848 diligere.
837 775 870 829 et
892 764 993 847 digne
1016 764 1151 829 laudare
1174 786 1368 830 mereamur.
1384 787 1442 850 per

689 962 751 1026 Ad
760 963 986 1044 complendum.

279 1076 342 1140 Per
356 1075 418 1141 hoc
433 1095 612 1157 quesumus
627 1075 763 1138 domine
777 1074 972 1138 sacrificium
989 1076 1078 1157 quod
1094 1085 1171 1139 tuae
1182 1074 1365 1141 obtulimus
1375 1079 1443 1160 pie-

235 1164 304 1227 tati.
321 1162 364 1226 ab
379 1163 533 1226 omnibus
554 1161 654 1226 corda
669 1172 783 1226 nostra
798 1162 944 1225 emunda
959 1162 1242 1245 temptationibus,
1259 1184 1318 1247 per
1333 1164 1444 1227 domi-

234 1270 314 1314 num
329 1259 486 1313 nostrum.

698 1361 806 1442 Super
812 1362 976 1443 populum.

281 1472 372 1535 Deus
387 1473 443 1553 qui
460 1471 636 1535 inluminas
651 1493 785 1535 omnem
802 1472 971 1535 hominem
989 1473 1177 1535 uenientem
1195 1473 1227 1534 in
1244 1472 1333 1536 hunc
1347 1495 1444 1538 mun·

235 1559 324 1622 dum.
341 1559 501 1622 inlumina
516 1579 694 1641 quesumus
710 1580 767 1621 cor
782 1570 931 1623 nostrum
955 1560 1081 1641 gratiae
1104 1568 1181 1621 tuae
1203 1560 1390 1641 splendore.
1407 1573 1445 1626 ut

235 1646 335 1729 digne
348 1647 511 1709 maiestati
529 1644 622 1721 tunel
637 1647 783 1728 cogitare
799 1656 831 1710 et
847 1645 984 1727 diligere
999 1645 1176 1709 ualeamus.
1194 1667 1252 1729 per
1266 1648 1445 1712 dominum

235 1743 392 1796 nostrum.

439 1916 556 1981 Mrssn
581 1915 738 1980 comm
762 1917 1068 1980 Tennmrronun
1093 1916 1244 1982 Cannis.

280 2036 349 2101 Ure
366 2037 441 2118 igne
457 2037 562 2099 sancti
579 2037 711 2119 spiritus
727 2056 820 2099 renes
840 2048 969 2100 nostros
988 2047 1021 2099 et
1044 2058 1101 2100 cor
1123 2048 1272 2101 nostrum
1296 2039 1447 2104 domine.

236 2133 272 2187 ut
287 2122 347 2187 tibi
364 2134 453 2186 caste
468 2135 502 2186 et
518 2124 616 2187 corde
631 2124 821 2186 seruiamus.
838 2133 871 2186 et
887 2143 1024 2205 corpore
1047 2123 1244 2206 placeamus.
1261 2145 1321 2208 per
1336 2126 1449 2189 domi-

235 2230 323 2273 num.

771 2330 908 2395 Secreta.

280 2441 458 2525 Disrumpe
474 2442 609 2505 domine
630 2442 762 2505 uincula
784 2452 995 2526 peccatorum
1013 2452 1200 2506 nostrorum
1217 2452 1250 2506 et
1267 2456 1303 2507 ut
1320 2446 1449 2508 sacrifi·

236 2549 310 2592 care
329 2528 388 2591 tibi
410 2529 552 2591 hostiam
573 2528 679 2590 laudis
701 2528 852 2592 absoluta
876 2529 1027 2592 libertate
1052 2531 1216 2612 possimus
1242 2530 1448 2596 retribuere.¹

235 2636 319 2696 quae
336 2627 413 2678 ante
429 2616 578 2679 tribuisti.
595 2625 628 2677 et
644 2615 737 2678 salua
760 2614 834 2693 snos
851 2636 909 2697 per
924 2615 1172 2696 indulgentiam.
1189 2637 1272 2699 quos
1295 2617 1354 2700 [fo
1376 2622 1449 2699 187.

234 2703 391 2783 dignatus
406 2723 440 2764 es
456 2703 583 2764 saluarc
600 2723 658 2784 per
672 2702 821 2783 gratiam.
840 2723 897 2783 per
911 2702 1083 2765 dominum
1101 2713 1258 2766 nostrum.

747 2839 930 2918 Praefatio.

281 2952 330 3015 (D
342 2962 474 3014 aeterne
484 2952 574 3013 deus.
607 2950 707 3014 Salua
720 2971 780 3013 nos
792 2973 836 3013 ex
850 2972 905 3014 ore
922 2952 1025 3014 leonis
1036 2954 1217 3015 saeuissimi
1234 2955 1290 3034 qui
1309 2958 1450 3037 rugiens

236 3039 350 3100 circuit
367 3040 408 3100 de
426 3038 553 3100 unitate
568 3038 725 3099 ecclesiae
741 3048 818 3100 tuae
833 3058 931 3119 quem
942 3040 1088 3102 deuoret.
1128 3039 1194 3103 Sed
1210 3050 1245 3102 tu
1264 3040 1450 3105 fortissime

236 3125 289 3188 leo
298 3124 432 3187 detribu
444 3126 521 3187 iuda
531 3134 665 3187 contere
675 3125 872 3187 contrariam
884 3145 962 3188 suae
972 3126 1103 3188 uirtutis
1116 3127 1306 3208 nequitiam.
1315 3149 1449 3212 nosque

236 3213 279 3275 ab
307 3213 417 3294 ignitis
442 3213 511 3274 eius
539 3212 832 3293 inpugnationibus
859 3210 1040 3285 liberatus.†
1063 3234 1199 3296 corpore
1223 3235 1397 3278 conserua.
1415 3227 1450 3279 et

237 3307 347 3360 mente
365 3297 506 3380 purifica.
524 3319 581 3380 per
596 3318 704 3378 quem.

691 3434 753 3496 Ad
763 3436 987 3516 complendum.

283 3546 375 3608 Deus
392 3547 523 3608 adiutor
539 3555 571 3607 et
588 3555 755 3628 protector
768 3556 880 3608 noster
896 3546 1045 3610 refloreat
1061 3569 1137 3611 caro
1150 3559 1262 3611 nostra
1278 3558 1313 3612 et
1330 3552 1451 3634 uigore

239 3634 424 3717 pudicitiae.
463 3643 495 3694 et
540 3633 779 3695 sanctimoniae
825 3635 973 3696 nouitate
1010 3645 1223 3717 ereptamque
1261 3635 1304 3699 de
1343 3659 1449 3703 manu

238 3721 361 3783 tartari.
387 3720 630 3781 resurrectionis
661 3720 783 3801 gaudio
809 3720 921 3782 iubeas
948 3723 1157 3802 praesentari.
1186 3742 1243 3804 per
1267 3722 1448 3790 dominum

238 3817 397 3870 nostrum.

473 3995 588 4057 Mrssn
613 4008 682 4059 ruo
707 3996 915 4059 Perrmone
940 3996 1209 4059 annmmnun.

284 4123 507 4204 Omnipotens
523 4123 722 4204 sempiterne
749 4124 830 4187 deus
854 4125 898 4188 da
923 4126 1037 4208 capitil
1064 4136 1177 4189 nostro
1201 4126 1448 4191 abundantiam

240 4231 354 4292 aquae.
381 4220 414 4273 et
439 4208 542 4272 oculis
567 4211 688 4272 nostris
718 4209 843 4275 sontem
868 4212 1085 4276 lacrimarum.
1102 4223 1137 4275 ut
1161 4214 1288 4294 peccati
1314 4216 1449 4278 macula

240 4296 344 4361 abluti
367 4297 499 4360 ultrices
515 4316 696 4378 poenarum
720 4296 872 4361 flammas
903 4298 998 4363 fletus
1021 4300 1172 4363 ubertate
1187 4300 1372 4364 uincamus
1389 4322 1450 4385 per

240 4384 421 4448 dominum.

438 4500 515 4552 'For
526 4504 643 4553 retribue.
961 4504 1338 4557 manutenementum.
