3038 5106
212 325 245 384 46
669 325 801 376 CANON
813 325 960 376 MISSAE.

219 490 247 546 ÷
266 476 444 559 ascriptam
463 488 492 546 4-
511 486 618 540 ratam
639 476 870 541 rationabilem
888 476 1195 560 acceptabilemque
1218 474 1327 539 facere
1347 473 1420 552 dig-

213 564 307 625 neris.
324 574 360 626 ut
376 564 473 626 nobis
488 584 607 646 corpus
623 576 656 627 et
672 564 807 646 sanguis
822 562 881 626 fiat
905 564 1110 628 dilectissimi
1135 563 1192 627 filii
1217 563 1266 627 tui
1290 559 1420 625 domini

212 650 264 712 dei
281 650 350 712 iesu
366 651 487 714 christi.

257 734 324 817 Qui
340 738 445 818 pridie
461 758 562 819 quam
579 748 747 820 pateretur
761 738 891 819 accepit
911 758 1032 819 panem
1049 739 1082 800 in
1099 746 1232 800 sanctas
1247 756 1286 799 ac
1302 753 1421 797 uener-

213 824 316 885 abiles
333 844 450 885 manus
465 845 542 887 suas
559 824 696 887 eleuatis
711 824 815 888 oculis
830 826 864 887 in
880 824 1009 887 caelum
1034 825 1077 888 ad
1104 834 1138 887 te
1161 825 1262 888 deum
1288 832 1420 904 patrem

214 930 310 972 suum
335 912 601 992 omnipotentem
630 912 690 974 tibi
715 912 838 993 gratias
863 931 966 993 agens
994 911 1169 975 benedixit
1199 910 1297 992 fregit
1324 907 1421 972 dedit

212 997 382 1079 discipulis
392 1000 459 1060 suis
469 999 589 1061 dicens.
621 998 774 1080 Accipite
784 1008 817 1061 et
828 999 1028 1063 manducate
1037 1019 1081 1061 ex
1092 998 1155 1061 hoc
1165 1017 1282 1059 omnes
1294 995 1358 1059 hoc
1367 1003 1422 1056 est

214 1085 302 1145 enim
333 1105 452 1166 corpus
484 1105 603 1148 meum.
649 1085 757 1149 Simili
785 1086 887 1148 modo
917 1095 1155 1168 posteaquam
1183 1093 1339 1147 cenatum
1367 1092 1421 1143 est

214 1172 379 1252 accipiens
394 1185 427 1233 et
443 1172 531 1235 hunc
547 1170 769 1254 praeclaram†
783 1172 920 1235 calicem
936 1173 969 1234 in
992 1182 1126 1235 sanctas
1150 1192 1188 1234 ac
1212 1168 1421 1233 uenerabiles

215 1277 332 1320 manus
358 1278 443 1322 suas.
459 1260 539 1321 item
564 1258 624 1321 tibi
650 1260 774 1339 gratias
800 1278 911 1341 agens
934 1259 1116 1322 benedixit.
1131 1258 1224 1322 dedit
1248 1255 1422 1338 discipulis

213 1345 281 1407 suis
308 1345 429 1408 dicens.
475 1346 629 1427 Accipite
644 1357 677 1409 et
693 1344 797 1409 bibite
812 1366 856 1408 ex
872 1366 912 1408 eo
928 1366 1053 1410 omnes.
1069 1345 1121 1409 hic
1145 1356 1196 1408 est
1222 1346 1311 1407 enim
1328 1342 1421 1406 calix

213 1433 383 1511 sanguinis
408 1430 488 1515 meis
515 1434 592 1495 noui
616 1448 650 1495 et
679 1433 804 1495 aeterni
829 1433 1019 1509 testamenti
1045 1433 1240 1514 mysterium
1266 1430 1321 1512 [fo.
1346 1430 1421 1492 28v.

214 1517 299 1580 fidei.
325 1519 382 1600 qui
407 1540 467 1599 pro
494 1519 589 1582 uobis
619 1529 653 1581 et
683 1540 743 1601 pro
770 1518 884 1582 multis
908 1518 1098 1584 effundetur
1124 1521 1157 1582 in
1188 1519 1418 1581 remissionem

212 1615 433 1686 peccatorum.
481 1606 575 1669 Haec
598 1606 872 1689 quotiescumque
899 1605 1048 1672 feceritis.
1071 1608 1104 1670 in
1130 1607 1194 1668 mei
1222 1605 1418 1668 memoriam

213 1691 348 1755 facietis.

260 1779 359 1843 Unde
369 1790 402 1841 et
419 1799 582 1842 memores
599 1800 713 1842 sumus
729 1780 864 1843 domine
880 1800 941 1842 nos
956 1781 1004 1843 tui
1020 1781 1115 1843 serui.
1131 1780 1189 1842 sed
1206 1789 1240 1841 et
1255 1778 1350 1861 plebs
1359 1787 1419 1841 tua

214 1877 330 1928 sancta
359 1866 506 1928 eiusdem
538 1867 649 1929 christi
681 1866 738 1929 filii
763 1868 811 1930 tui
838 1867 964 1930 domini
991 1867 1045 1931 dei
1072 1868 1175 1930 nostri
1201 1875 1272 1928 tam
1297 1865 1417 1928 beatae

212 1954 383 2034 passionis.
407 1973 535 2015 necnon
559 1964 593 2016 et
616 1953 659 2016 ab
682 1953 792 2016 inferis
815 1955 1070 2018 resurrectionis.
1095 1954 1152 2016 sed
1184 1963 1217 2016 et
1248 1953 1281 2014 in
1305 1951 1415 2015 caelos

212 2039 376 2120 gloriosae
391 2041 592 2103 ascensionis
608 2039 776 2103 offerimus
792 2040 979 2124 praeclarae
995 2041 1161 2103 maiestati
1184 2049 1262 2102 tuae
1284 2039 1327 2102 de
1350 2039 1416 2101 tuis

213 2125 310 2188 donis
327 2147 364 2189 ac
381 2127 467 2189 datis
486 2127 685 2196 H÷ostiam
703 2147 820 2209 puram
840 2126 1026 2197 h†ostiam
1052 2138 1202 2191 sanctam
1228 2126 1415 2196 h†ostiam

213 2213 459 2277 inmaculatam.
475 2234 596 2295 panem
620 2225 772 2276 sanctum
798 2214 887 2277 uitae
911 2224 1065 2277 aeternae
1088 2225 1122 2277 et
1146 2215 1282 2277 calicem
1299 2213 1416 2275 salutis

214 2310 401 2382 perpetuae.
448 2301 556 2383 Supra
571 2320 657 2382 quae
673 2301 818 2382 propitio
841 2321 879 2363 ac
902 2322 1019 2365 sereno
1042 2301 1136 2364 uultu
1160 2301 1321 2383 respicere
1343 2300 1416 2381 dig-

213 2388 300 2449 neris
316 2396 348 2449 et
364 2396 501 2468 accepta
516 2387 637 2450 habere
652 2388 746 2450 sicuti
768 2399 906 2470 accepta
921 2388 1041 2452 habere
1056 2389 1213 2470 dignatus
1229 2407 1263 2449 es
1280 2406 1418 2449 munera

213 2474 306 2555 pueri
323 2474 370 2536 tui
387 2475 462 2537 iusti
488 2474 561 2537 abel
588 2483 621 2537 et
645 2473 842 2537 sacrificium
866 2476 1072 2558 patriarchae
1097 2475 1199 2538 nostri
1224 2472 1368 2537 abrahae
1383 2482 1419 2536 et

214 2561 304 2642 quod
322 2561 381 2623 tibi
397 2561 518 2624 obtulit
542 2580 692 2623 summus
715 2563 869 2624 sacerdos
894 2572 970 2624 tuus
997 2561 1239 2625 melchisedech
1264 2570 1417 2623 sanctum

214 2646 408 2709 sacrificium
426 2648 661 2710 inmaculatam
677 2647 829 2712 hostiam.

259 2734 433 2816 Supplices
450 2746 483 2798 te
499 2755 653 2815 rogamus
674 2735 885 2817 omnipotens
901 2735 983 2798 deus
999 2735 1074 2798 iube
1098 2735 1179 2797 haec
1201 2733 1335 2816 perferri
1359 2753 1420 2816 per

216 2841 334 2882 manus
361 2822 467 2884 sancti
492 2821 600 2902 angeli
629 2821 676 2883 tui
702 2821 734 2883 in
762 2822 904 2884 sublime
930 2822 1035 2885 altare
1059 2833 1152 2884 tuum
1178 2822 1211 2883 in
1236 2831 1417 2903 conspectu

215 2909 348 2970 diuinae
365 2909 547 2970 maiestatis
563 2918 648 2971 tuae.
664 2917 701 2970 ut
714 2918 879 2990 quotquot
894 2930 938 2971 ex
955 2909 1017 2972 hac
1033 2907 1145 2973 altaris
1164 2908 1419 2990 participatione

214 3004 459 3058 sacrosanctum
486 2994 542 3057 filii
565 2995 612 3057 tui
637 3015 757 3076 corpus
784 3005 817 3059 et
840 2997 1036 3078 sanguinem
1063 2996 1301 3077 sumpserimus
1326 2995 1418 3056 omni

215 3082 446 3144 benedictione
462 3082 594 3144 caelesti
610 3092 644 3144 et
659 3083 767 3164 gratia
783 3083 976 3164 repleamur.
993 3103 1052 3165 per
1066 3083 1225 3146 christum
1242 3082 1418 3145 dominum

216 3179 374 3230 nostrum.

260 3255 433 3317 Memento
464 3255 529 3316 mei
557 3275 661 3336 queso
691 3256 827 3318 domine
851 3266 884 3318 et
911 3256 1064 3319 miserere
1089 3255 1166 3320 licet
1194 3254 1277 3318 haec
1301 3264 1419 3318 sancta

216 3343 372 3423 indignae
406 3341 465 3404 tibi
504 3352 639 3404 sanctae
670 3353 764 3423 pater
794 3344 1006 3425 omnipotens
1036 3353 1191 3406 aeternae
1221 3342 1303 3405 deus
1336 3343 1419 3404 meis

214 3429 366 3490 manibus
382 3428 565 3491 offeruntur
579 3427 738 3492 sacrificia
750 3430 806 3511 qui
823 3450 882 3493 nec
897 3428 1228 3515 sinuocaresanctum
1239 3449 1277 3491 ac
1296 3428 1352 3511 [fo.
1369 3446 1419 3507 29.

216 3515 402 3577 uenerabile
419 3535 540 3577 nomen
551 3525 646 3578 tuum
659 3516 779 3596 dignus
791 3537 873 3579 sum.
886 3518 1112 3598 sedquoniam
1125 3518 1157 3579 in
1170 3516 1294 3578 honore
1310 3515 1419 3579 laudis

214 3613 248 3664 et
265 3603 422 3663 memoria
432 3602 659 3683 gloriosissimi
675 3603 853 3684 dilectique
869 3602 926 3666 filii
943 3605 990 3668 tui
1014 3604 1140 3666 domini
1157 3604 1210 3666 dei
1228 3603 1330 3665 nostri
1348 3604 1417 3664 iesu

216 3689 326 3750 christi
354 3688 534 3751 offerantur
548 3690 633 3751 sicut
654 3689 824 3752 incensum
842 3691 874 3752 in
890 3701 1070 3773 conspectu
1087 3692 1220 3753 diuinae
1236 3690 1420 3752 maiestatis

216 3786 293 3838 tuae
309 3796 383 3837 cum
401 3776 503 3837 odore
519 3776 693 3838 suauitatis
709 3776 959 3853 accendantur.†
976 3799 1035 3861 per
1059 3778 1219 3840 christum
1243 3777 1419 3839 dominum

214 3873 373 3925 nostrum.

259 3950 432 4012 Memento
448 3950 547 4012 etiam
564 3950 699 4011 domine
714 3959 748 4013 et
763 3970 877 4013 eorum
895 3952 1031 4015 nomina
1053 3952 1110 4033 qui
1134 3971 1193 4013 nos
1216 3970 1420 4032 praecesser-

215 4046 275 4099 unt
304 4057 378 4098 cum
407 4038 503 4117 signo
534 4035 609 4098 fidei
639 4046 673 4100 et
703 4038 873 4100 dormiunt
903 4039 935 4100 in
961 4059 1080 4101 somno
1111 4038 1210 4119 pacis.
1237 4037 1283 4099 ill.
1331 4038 1418 4120 Ipsis

214 4124 349 4187 domine
365 4134 398 4186 et
413 4123 567 4186 omnibus
584 4125 615 4184 in
633 4123 755 4186 christo
770 4124 978 4205 quientibusl
990 4127 1098 4189 locum
1115 4124 1271 4206 refrigerii
1288 4123 1369 4186 lucis
1386 4134 1420 4187 et

215 4212 305 4292 pacis
328 4221 365 4272 ut
389 4211 560 4292 indulgeas
576 4210 801 4291 deprecamur.
817 4233 875 4294 per
890 4213 1049 4275 christum
1068 4212 1241 4276 dominum
1259 4221 1419 4273 nostrum.

216 4297 321 4359 Nobis
338 4317 470 4378 quoque
488 4297 717 4378 peccatoribus
732 4296 865 4362 famulis
888 4300 953 4362 tuis
976 4300 1017 4363 de
1042 4297 1256 4362 multitudine
1284 4299 1419 4360 misera-

213 4385 341 4446 tionum
353 4393 483 4446 tuarum
500 4385 709 4465 sperantibus
725 4395 854 4466 partem
867 4386 1012 4468 aliquam
1029 4398 1062 4450 et
1078 4387 1273 4448 societatem
1294 4386 1420 4447 donare

212 4471 357 4552 digneris
380 4491 455 4534 cum
482 4472 548 4534 tuis
573 4472 696 4535 sanctis
720 4474 881 4555 apostolis
896 4485 930 4537 et
946 4474 1148 4556 martyribus
1163 4492 1240 4535 cum
1267 4470 1420 4535 Iohanne
