3038 5106
594 360 642 411 IN
656 359 851 409 LAETANIA
874 360 1031 411 MAIORE.

775 571 866 637 Alia.

263 678 397 739 Praesta
427 695 608 757 quesumus
638 675 852 758 omnipotens
883 679 965 741 deus
998 686 1034 741 ut
1062 678 1104 740 ad
1144 688 1177 741 te
1214 688 1287 742 toto
1325 680 1430 743 corde

220 764 401 826 clamantes
425 763 650 825 intercedente
674 763 773 825 beato
797 774 893 845 petro
916 765 1070 846 apostolo
1093 776 1159 828 tu0.
1192 776 1268 829 tuae
1292 768 1433 848 pietatis

220 851 460 933 indulgentiam
482 869 731 931 consequamur.
748 871 813 932 per.

706 1029 766 1092 Ao
795 1029 953 1093 Musam.

262 1169 397 1231 Praesta
434 1188 614 1249 quesumus
644 1169 857 1248 omnipotens
888 1168 978 1230 deus.
1011 1177 1048 1232 ut
1078 1168 1135 1249 qui
1172 1170 1204 1232 in
1243 1169 1427 1234 afflictione

218 1267 331 1318 nostra
360 1256 402 1317 de
433 1266 490 1317 tua
520 1256 644 1336 pietate
674 1253 873 1317 confidimus
899 1266 1013 1317 contra
1044 1256 1185 1319 aduersa
1218 1259 1333 1320 omnia
1366 1270 1427 1322 tua

216 1363 348 1425 semper
363 1343 568 1424 protectione
584 1342 780 1403 muniamur.
828 1342 889 1404 Per
901 1342 1075 1405 dominum
1093 1354 1252 1407 nostrum.

750 1477 887 1540 Secreta.

261 1584 354 1646 Haec
368 1603 506 1646 munera
521 1582 655 1645 domine
678 1602 868 1663 quesumus
886 1592 920 1643 et
943 1582 1075 1645 uincula
1092 1593 1223 1646 nostrae
1245 1586 1426 1667 prauitatis

215 1670 398 1732 absoluant.
429 1680 463 1732 et
490 1680 566 1732 tuae
597 1668 692 1731 nobis
731 1669 974 1732 misericordiae
1011 1671 1100 1733 dona
1136 1671 1324 1736 concilient.
1363 1694 1424 1755 per

214 1758 386 1820 dominum
405 1766 561 1819 nostrum.

725 1871 907 1952 Praefatio.

254 1977 303 2040 (l)
327 1986 459 2038 aeterne
482 1976 572 2037 deus.
619 1976 664 2038 Et
687 1984 721 2037 te
744 1985 913 2037 auctorem
938 1984 971 2039 et
994 1976 1272 2041 sanctificatorem
1296 1979 1422 2044 ieiunii.

210 2063 406 2126 collaudare.
425 2083 482 2144 per
497 2062 586 2143 quod
601 2061 794 2123 nos·liberas
805 2082 825 2123 a
841 2073 1030 2125 nostrorum
1048 2063 1177 2127 delictis
1193 2075 1419 2147 peccatorum.

211 2151 302 2231 Ergo
323 2151 451 2230 suscipe
467 2150 682 2211 ieiunantium
699 2169 841 2230 praeces,
856 2159 956 2231 atque
972 2159 1008 2212 ut
1033 2171 1093 2213 nos
1108 2172 1128 2213 a
1151 2152 1245 2215 malis
1261 2154 1421 2218 omnibus

209 2238 407 2320 propitiatus
429 2237 555 2318 eripias.
580 2236 771 2317 iniquitates
794 2245 924 2298 nostras
946 2238 1068 2319 quibus
1093 2239 1211 2301 merito
1234 2239 1418 2322 affligimur

210 2326 359 2406 placatus
375 2323 520 2386 absolue.
542 2342 600 2405 per
615 2323 783 2385 christum.

661 2476 723 2539 Ad
732 2475 958 2557 conplendum.

252 2583 344 2647 Uota
359 2589 472 2643 nostra
487 2600 668 2661 quesumus
684 2581 819 2642 domine
836 2582 891 2663 pio
916 2581 1030 2644 fauore
1055 2602 1262 2664 prosequere.
1280 2595 1317 2648 ut
1333 2587 1417 2649 dum

208 2671 297 2731 dona
322 2680 379 2732 tua
405 2670 436 2730 in
463 2667 677 2729 tribulatione
704 2668 911 2749 percipimus.
935 2669 978 2730 de
1005 2670 1248 2753 consoflatione
1280 2669 1337 2756 [io.
1364 2675 1416 2737 80.

208 2768 322 2820 nostra
338 2758 371 2818 in
388 2766 446 2818 tuo
462 2774 575 2816 amore
591 2774 785 2816 crescamus.
806 2775 865 2837 per
880 2755 1063 2820 dominum.

687 2891 718 2952 Α
723 2889 750 2951 d
760 2902 933 2971 uesperum.

250 2996 434 3057 Praetende
461 2994 555 3055 nobis
580 2993 714 3055 domine
740 2995 999 3058 misericordiam
1025 3006 1128 3060 tuam.
1151 3007 1188 3060 ut
1212 3019 1298 3079 quae
1326 3001 1414 3064 uotis

205 3085 395 3166 expetimus
411 3081 663 3144 conuersatione
679 3080 737 3142 tibi
755 3080 879 3161 placita
893 3102 1144 3164 consequamur.
1154 3104 1214 3167 per
1229 3087 1413 3151 dominum.

624 3271 719 3334 laen
744 3286 784 3335 1u
809 3287 898 3336 ntia
922 3288 994 3337 mn.

247 3402 472 3467 Clamantium
489 3401 531 3463 ad
548 3409 581 3463 te
596 3422 776 3481 quesumus
792 3403 927 3465 domine
943 3424 1077 3485 praeces
1090 3405 1268 3487 dignanter
1277 3410 1413 3470 exaudi.

204 3501 240 3553 ut
256 3492 340 3552 sicut
361 3489 508 3550 niniuitis
524 3490 555 3550 in
573 3487 750 3551 afflictione
775 3490 893 3570 positis
917 3492 1102 3573 pepercisti.
1127 3494 1231 3556 itaet
1256 3496 1353 3557 nobis
1378 3497 1411 3557 in

203 3577 368 3661 praesenti
385 3576 597 3638 tribulatione
613 3595 790 3638 succurras,
808 3597 873 3658 per.

735 3712 872 3775 Secreta.

246 3825 435 3907 Quesumus
466 3823 600 3885 domine
631 3824 752 3886 nostris
782 3824 915 3907 placare
947 3827 1148 3894 muneribus.
1178 3832 1337 3912 quoniam
1372 3842 1408 3894 tu

202 3914 319 3978 eadem
335 3912 450 3975 tribuis
466 3922 504 3973 ut
520 3909 686 3993 placaris.†
701 3931 760 3992 per
775 3913 957 3976 dominum.

712 4051 892 4131 Praefatio.

245 4167 294 4230 (D
311 4176 443 4228 aeterne
459 4164 548 4226 deus.
596 4164 640 4227 Et
657 4165 865 4229 maiestatem
890 4175 982 4231 tuam
999 4170 1193 4252 suppliciter
1208 4192 1355 4236 exorare.
1372 4183 1409 4235 ut

200 4275 266 4318 non
294 4274 354 4315 nos
382 4262 513 4315 nostrae
539 4251 684 4313 malitiae
710 4253 768 4314 sed
799 4253 1027 4335 indulgentiae
1057 4261 1250 4341 praeueniat
1277 4280 1409 4342 semper

200 4343 345 4404 affectus.
361 4341 417 4421 qui
435 4358 495 4401 nos
511 4358 530 4400 a
546 4338 656 4400 noxiis
673 4338 900 4418 uoluptatibus
917 4342 1141 4408 indesinenter
1155 4347 1323 4428 expediat.
1334 4357 1372 4410 'et
1389 4368 1409 4409 a

202 4429 377 4491 mundanis
406 4425 557 4490 cladibus
586 4426 763 4507 dignanter
789 4427 915 4509 eripiat.
964 4430 1025 4493 Per
1051 4431 1209 4496 christum
1234 4434 1408 4497 dominum

199 4527 358 4579 nostrum.
