3038 5106
413 356 504 408 noar.
524 356 602 409 amr.
623 355 719 407 νοεῖ
735 354 810 405 ocr.
830 353 1114 404 enaracosrnu
1320 368 1365 419 135

630 522 739 608 Super
742 527 908 609 populum.

204 638 346 721 Suscipe
362 636 498 702 domme
516 656 653 720 praeces
669 638 785 721 populi
809 640 857 702 tui
880 640 1098 722 supplicantis
1113 650 1148 704 et
1163 642 1266 704 nostri
1283 653 1364 704 uota

151 726 273 791 ieiunii
289 725 443 789 salutaris
458 726 506 788 tui
523 724 644 807 perfice
666 741 918 789 sacramentum.
937 748 995 809 per
1015 728 1188 790 dominum
1204 738 1363 792 nostrum.

272 942 471 1005 Domurcn
502 939 640 1005 XVIII.
663 954 753 1005 Posr
777 940 950 1006 Oceanus
974 942 1254 1007 Pauracosrau.

205 1071 274 1135 Fac
314 1091 374 1134 nos
404 1089 585 1153 quesumus
626 1070 760 1134 domine
794 1081 951 1153 prompta
985 1072 1157 1134 uoluntate
1189 1074 1363 1136 subiectos

154 1160 204 1223 et¹
235 1158 491 1241 supplicandum
521 1158 580 1219 tibi
608 1168 740 1220 nostras
771 1178 901 1240 semper
931 1161 1044 1222 excita
1075 1160 1273 1224 uoluntates.
1306 1183 1365 1243 per

158 1246 349 1309 dominum.

701 1380 837 1445 Secreta.

207 1493 338 1557 Munda
368 1513 428 1555 nos
459 1492 595 1556 domine
625 1492 774 1556 sacrificii
812 1495 993 1576 praesentis
1024 1494 1152 1558 effectu.
1183 1505 1217 1558 et
1247 1494 1367 1579 perfice

162 1582 338 1645 miseratus
355 1581 387 1642 in
404 1581 500 1642 nobis
516 1591 553 1642 ut
568 1581 639 1642 eius
655 1600 840 1643 mereamur
855 1602 927 1645 esse
942 1583 1128 1664 participes.
1144 1603 1210 1664 per.

677 1730 859 1809 Praefatio.

208 1842 259 1906 (Β
284 1862 343 1924 per
366 1840 525 1904 christum
552 1841 724 1904 dominum
751 1853 909 1905 nostrum.
955 1841 1021 1923 Qui
1045 1843 1123 1906 uleit
1147 1843 1316 1907 diabolum
1333 1856 1367 1907 et

163 1930 326 1993 mundum
353 1928 590 2009 hominemque
616 1930 783 2011 paradyso
808 1930 957 1993 restituit.
982 1942 1015 1993 et
1040 1932 1129 1992 uitae
1154 1932 1268 1994 ianuas
1299 1953 1367 1994 cre·

163 2015 320 2080 dentibus
336 2015 501 2099 patefecit.
518 2036 701 2098 perquem.

613 2169 676 2232 Ad
685 2170 912 2252 corrtplendum.

207 2279 349 2344 Purifica
363 2281 498 2344 domine
514 2300 694 2362 quesumus
718 2292 846 2345 mentes
869 2293 999 2345 nostras
1015 2282 1179 2363 benignus
1195 2293 1228 2346 et
1244 2304 1367 2347 renoua

161 2368 360 2433 caelestibus
384 2370 607 2431 sacramentis
625 2379 661 2430 ut
688 2382 930 2452 consequenter
956 2381 989 2432 et
1013 2390 1186 2451 corporum
1211 2392 1366 2453 praesens

160 2458 285 2539 pariter
299 2466 333 2519 et
348 2454 495 2518 futurum
511 2456 683 2537 capiamus
698 2456 868 2519 auxilium.
886 2478 951 2538 per.

628 2604 736 2688 Super
740 2608 903 2687 populum.

204 2717 365 2800 Protegat
379 2717 514 2780 domine
529 2737 710 2799 quesumus
722 2728 780 2780 tua
792 2719 932 2781 dextera
943 2717 1103 2799 populum
1120 2718 1363 2801 supplicantem

160 2816 198 2869 ut
235 2815 445 2889 praesentem
484 2806 587 2866 uitam
626 2806 689 2867 sub
729 2816 786 2867 tua
829 2805 1068 2886 gubernatione
1105 2816 1364 2869 transcurrentes

158 2890 342 2963 mereatur's
356 2892 503 2954 inuenire
519 2890 736 2975 peri‘petuam.
754 2912 812 2973 per
826 2893 1009 2954 dominum.
1228 2891 1294 2973 [sol.
1312 2911 1363 2973 97.

295 3124 494 3188 Doumrcn
516 3124 612 3187 XIX.
637 3138 727 3189 nost
751 3124 924 3189 Ocmans
949 3126 1234 3189 I’aurncosruu.

202 3254 261 3321 Da
275 3273 456 3335 quesumus
471 3254 605 3317 domine
621 3254 746 3336 populo
769 3264 827 3318 tuo
850 3255 1013 3317 diabolica
1029 3255 1133 3317 uitare
1149 3255 1312 3338 contagia.
1329 3266 1363 3317 et

158 3354 194 3407 te
209 3342 320 3405 solum
336 3342 509 3404 dominum
525 3361 609 3423 puro
625 3341 724 3404 corde
740 3344 865 3405 sectari.
882 3364 940 3423 per
955 3344 1136 3405 dominum.

693 3496 828 3561 Secreta.

204 3607 418 3671 Maiestatem
446 3616 538 3670 tuam
563 3607 698 3671 domine
725 3608 917 3690 suppliciter
937 3610 1182 3690 depraecamur.
1214 3621 1249 3673 ut
1281 3610 1363 3672 haec

157 3706 277 3759 sancta
288 3714 375 3776 quae
390 3695 542 3776 gerimus.
560 3706 626 3757 eta
642 3697 827 3777 praeteritis
841 3716 901 3758 nos
914 3696 1042 3759 delictis
1052 3709 1179 3760 exuant
1192 3708 1224 3759 et
1238 3696 1363 3761 suturis.

159 3802 220 3866 per
234 3782 416 3846 dominum.

669 3919 849 3998 Praefatio.

204 4032 256 4095 ID
272 4039 406 4095 aeterne
420 4030 510 4093 deus
558 4030 603 4094 Et
617 4032 823 4093 maiestatem
841 4042 932 4093 tuam
944 4030 1111 4092 humiliter
1127 4030 1309 4112 implorare.
1327 4042 1363 4093 ut

159 4120 249 4183 iesus
272 4118 414 4181 christus
436 4117 522 4181 filius
538 4127 615 4181 tuus
630 4119 785 4180 dominus
811 4130 923 4179 noster
938 4138 997 4179 sua
1014 4138 1074 4179 nos
1088 4119 1195 4198 gratia
1211 4130 1363 4200 protegat

160 4216 196 4269 et
221 4214 405 4269 conseruet
451 4204 497 4267 Et
519 4206 597 4287 quia
619 4206 691 4268 sine
716 4206 788 4287 ipso
813 4205 892 4266 nihil
921 4217 1008 4266 recte
1036 4204 1206 4267 ualeamus
1229 4205 1363 4267 efficere.

161 4292 266 4375 ipsius
291 4310 427 4357 munere
452 4293 624 4375 capiamus
652 4300 688 4354 ut
712 4292 772 4353 tibi
797 4312 929 4373 semper
953 4291 1083 4373 placere
1110 4293 1282 4373 possimus.
1307 4315 1363 4374 per

161 4380 331 4445 christum

621 4526 630 4561 ¹
648 4532 806 4583 Adomined
818 4531 844 4581 in
856 4532 913 4583 IIS.
1013 4568 1021 4582 .
