3038 5106
500 338 740 390 BENEDICTIO
768 339 917 389 CAEREI.

279 488 445 554 Dominus
461 491 642 555 uobiscum.

217 587 222 599 ’
323 578 459 642 Etcum
475 581 592 661 spiritu
609 591 676 645 tuo.

278 664 415 728 Sursum
433 668 542 729 corda.

322 750 496 815 Habemus
512 753 554 816 ad
570 754 752 817 dominum.

276 836 408 901 Gratias
423 859 562 920 agamus
577 842 715 903 domino
730 843 794 904 deo
810 850 932 905 nostro.

321 925 470 1008 Dignum
485 938 520 991 et
535 928 657 990 iustum
674 939 733 991 est.

613 1144 796 1225 Praefatio.

145 1280 236 1345 Uere
279 1282 358 1363 quia
401 1282 541 1365 dignum
585 1293 619 1347 et
664 1284 786 1345 iustum
833 1289 891 1346 est.
958 1281 1161 1345 Inuisibilem
1206 1282 1306 1345 deum

98 1369 376 1450 omnipotentem.
407 1385 545 1452 patrem.
578 1369 748 1451 liliumque
786 1370 855 1431 eius
885 1370 1101 1451 unigenitum.
1132 1370 1305 1431 dominum

99 1466 252 1517 nostrum
284 1457 388 1519 iesum
419 1456 587 1519 christum.
614 1477 689 1518 cum
720 1466 836 1518 sancto
866 1457 991 1537 spiritu.
1026 1465 1098 1518 toto
1135 1457 1242 1518 cordis
1267 1477 1305 1518 ac

100 1542 223 1604 mentis
250 1541 381 1606 aflectu.
407 1557 440 1607 et
469 1546 559 1607 uocis
584 1544 765 1606 ministerio
796 1562 979 1624 personare.
1025 1542 1091 1624 Qui
1123 1563 1183 1624 pro
1210 1544 1306 1606 nobis

100 1638 238 1691 aeterno
254 1632 339 1711 patri
356 1630 440 1692 adae
465 1632 614 1694 debitum
640 1631 748 1693 soluit.
772 1640 806 1691 et
829 1630 949 1692 ueteris
974 1629 1093 1711 piaculi
1115 1632 1303 1693 cautionem

100 1716 158 1797 pio
172 1736 288 1779 cruore
303 1718 448 1780 detersit.
496 1718 590 1780 Haec
614 1728 692 1779 sunt
716 1718 803 1778 enim
830 1716 913 1779 scsta
938 1717 1143 1799 paschalium
1168 1719 1305 1798 gaudio-

102 1822 182 1864 rum.
208 1804 241 1865 in
273 1804 393 1885 quibus
423 1825 520 1867 uerus
551 1804 605 1866 ille
635 1824 740 1885 agnus
778 1805 945 1867 occiditur.
977 1806 1113 1885 eiusque
1143 1806 1305 1885 sanguine

101 1900 214 1971 postes
251 1902 491 1955 consecrantur.
540 1891 635 1953 Haec
673 1911 742 1953 nox
780 1900 838 1952 est.
871 1892 902 1953 in
926 1911 992 1972 qua
1016 1894 1158 1972 primum
1191 1902 1303 1972 patres

101 1986 231 2038 nostros
251 1974 351 2049 ltilios
375 1978 492 2040 israhel
514 1980 652 2041 eductos
676 1978 718 2039 de
740 1989 894 2060 aegypto
911 1979 1044 2040 rubrum
1069 1998 1159 2040 mare
1181 1978 1237 2060 [io.
1253 1984 1302 2040 02.

101 2062 188 2125 sicco
225 2065 375 2145 uestigio,
407 2065 543 2128 transire
581 2065 695 2127 fecisti.
753 2064 847 2126 Haec
885 2066 984 2145 igitur
1022 2085 1090 2125 nox
1122 2075 1180 2126 est.
1218 2086 1304 2145 quae

100 2158 311 2231 peccatorum
333 2152 486 2214 tenebras
501 2152 701 2233 columpnae
725 2152 976 2214 inluminatione
999 2153 1160 2233 purgauit.
1209 2151 1304 2215 Haec

102 2254 169 2298 nox
207 2247 268 2299 est.
309 2258 395 2319 quae
432 2238 531 2301 hodie
570 2259 627 2321 per
664 2240 854 2300 uniuersum
886 2239 1046 2300 mundum
1080 2240 1111 2299 in
1143 2238 1301 2301 christum

101 2324 272 2386 credentes
302 2345 322 2386 a
345 2325 434 2387 uitiis
463 2326 584 2388 saeculi
615 2336 815 2407 segregatos.
846 2335 879 2387 et
909 2326 1049 2407 caligine
1090 2336 1301 2406 peccatorum

100 2410 208 2474 reddit
223 2412 357 2492 gratiae.
374 2413 479 2475 sociat
494 2413 670 2476 sanctitati.
719 2412 813 2473 llaec
830 2432 898 2474 nox
916 2422 975 2474 est.
992 2414 1023 2473 in
1045 2432 1111 2493 qua
1126 2413 1303 2474 destructis

98 2496 239 2559 uinculis
268 2499 389 2561 mortis.
423 2500 564 2562 christus
583 2499 626 2561 ab
654 2498 765 2561 inseris
789 2500 894 2561 uictor
920 2499 1076 2561 ascendit.
1101 2499 1191 2561 Nihil
1212 2500 1300 2560 enim

100 2583 296 2646 nobisnasci
313 2585 443 2666 profuit.
461 2588 521 2648 nisi
539 2587 654 2649 redimi
672 2586 854 2667 profuisset.
900 2586 930 2650 Ο
949 2587 1030 2647 mira
1046 2587 1130 2647 circa
1148 2605 1208 2647 nos
1225 2597 1301 2648 tuac

98 2670 233 2750 pietatis
255 2672 414 2751 dignatio,
461 2673 491 2736 Ο
518 2673 747 2735 inestimabilis
772 2672 905 2734 dilectio
932 2672 1092 2734 karitatis,
1109 2682 1145 2734 ut
1168 2693 1299 2734 seruum

99 2756 277 2819 redimeres
292 2757 396 2821 tilium
412 2761 584 2823 tradidisti.
632 2760 662 2823 Ο
679 2772 767 2822 certe
784 2761 1003 2821 necessarium
1017 2760 1100 2821 adae
1117 2770 1299 2840 peccatum.

97 2844 187 2923 quod
212 2842 325 2907 christi
350 2856 455 2910 morte
481 2847 629 2912 deletum
654 2857 712 2909 est.
770 2846 800 2909 Ο
825 2846 904 2908 felix
921 2846 1026 2927 culpa.
1043 2867 1128 2926 quae
1144 2846 1244 2908 talem
1262 2867 1301 2909 ac

97 2939 230 2993 tantum
253 2933 372 2995 meruit
396 2933 517 2996 habere
545 2935 797 3016 redemptorem.
844 2932 874 2995 Ο
903 2933 1001 2994 beata
1025 2953 1103 2994 nox.
1127 2953 1213 3014 quae
1229 2934 1299 2996 sola

98 3018 219 3081 meruit
241 3020 325 3080 scire
340 3027 473 3102 tempus
489 3031 522 3084 et
546 3021 670 3083 horam.
688 3022 719 3082 in
747 3041 813 3100 qua
830 3019 970 3081 christus
993 3019 1035 3081 ab
1060 3020 1169 3082 inseris
1196 3041 1301 3082 resur-

97 3104 191 3167 rexit.
251 3103 346 3168 Haec
373 3126 443 3170 nox
467 3118 525 3171 est.
549 3109 591 3170 de
610 3128 676 3188 qua
696 3108 854 3187 scripturn
882 3117 939 3168 est.
987 3108 1032 3169 Et
1063 3127 1131 3168 nox
1163 3116 1199 3169 ut
1229 3108 1299 3169 dies

95 3189 354 3255 inluminabitur.
371 3204 405 3255 et
426 3213 494 3256 nox
519 3195 727 3258 inluminatio
751 3214 825 3254 mea
848 3194 880 3254 in
904 3194 1029 3255 deliciis
1053 3194 1142 3255 meis.
1190 3194 1299 3255 Huius

94 3276 195 3359 igitur
220 3278 438 3343 sanctificatio
462 3283 576 3345 noctis
599 3282 692 3363 sugat
715 3281 846 3342 scelera.
869 3280 982 3361 culpas
1010 3280 1107 3342 lauat.
1131 3289 1164 3342 et
1191 3282 1300 3343 reddit

93 3363 319 3428 innocentiam
336 3366 436 3449 lapsis
451 3379 484 3430 et
502 3370 615 3431 mestis
638 3368 805 3431 laetitiam.
853 3367 961 3448 Fugat
984 3368 1070 3428 odia.
1087 3369 1297 3429 concordiam

93 3460 197 3533 parat.
215 3462 249 3514 et
265 3465 379 3515 curuat
403 3454 548 3537 imperia.
596 3456 634 3517 In
662 3456 757 3517 huius
785 3455 885 3536 igitur
908 3454 1015 3515 noctis
1039 3456 1152 3533 gratia.
1169 3456 1299 3535 suscipe

90 3550 229 3600 sanctae
253 3548 354 3619 pater.
378 3541 501 3604 incensi
525 3543 621 3604 huius
645 3541 841 3604 sacrificium
867 3543 1099 3622 uespertinum.
1123 3543 1213 3622 quod
1240 3542 1298 3604 tibi

92 3624 126 3685 in
157 3623 219 3689 hac
244 3627 350 3690 caerei
373 3628 540 3691 oblatione
564 3629 748 3710 sollempni.
773 3648 831 3709 per
862 3629 1085 3689 ministrorum
1114 3648 1233 3690 manus
1257 3629 1298 3690 de

91 3712 249 3793 operibus
265 3732 366 3795 apum
382 3725 592 3778 sacrosancta
608 3716 716 3778 reddit
726 3714 890 3777 aecclesia.
938 3715 1005 3778 Sed
1023 3716 1087 3776 iarn
1100 3715 1298 3797 columpnae

92 3796 191 3860 huius
218 3801 397 3880 praeconia
423 3803 583 3865 nouimus.
600 3823 700 3884 quam
726 3803 759 3863 in
785 3801 943 3863 honorem
968 3802 1021 3864 dei
1050 3802 1188 3863 rutilans
1213 3804 1297 3883 ignis

91 3888 254 3949 accendit.
299 3885 365 3969 Qui
382 3886 458 3951 licet
474 3890 600 3951 diuisus
627 3891 658 3951 in
684 3888 817 3971 spartes
836 3889 976 3951 mutuati
1004 3888 1136 3950 luminis
1153 3887 1208 3969 [so
1225 3893 1297 3951 bar.

91 3970 294 4035 detrimenta
304 3994 369 4035 non
384 3976 485 4038 nouit.
516 3976 628 4039 Alitur
643 3972 863 4057 liquantibus†
877 3976 988 4037 caeris.
1001 3996 1083 4056 quas
1100 3977 1132 4036 in
1146 3975 1297 4038 substan-

92 4058 174 4120 tiam
213 4058 386 4142 praetiosi†
420 4061 518 4126 huius
555 4062 718 4145 lampadis
755 4083 835 4144 apes
873 4072 979 4123 mater
1016 4063 1142 4124 eduxit.
1203 4062 1296 4143 Apes

92 4146 230 4208 caeteris
245 4166 333 4228 quae
348 4147 497 4213 subiecta
522 4160 600 4213 sunt
624 4150 750 4212 homini
774 4148 999 4211 animantibus
1027 4148 1202 4211 antecellit.
1220 4170 1295 4211 curn

92 4232 135 4295 sit
162 4233 301 4295 minima
324 4237 470 4317 corporis
497 4238 668 4319 paruitate.
685 4238 835 4318 ingentes
861 4237 990 4298 animos
1014 4233 1172 4317 angusta†
1188 4248 1297 4299 uersat

92 4318 125 4381 in
157 4330 299 4401 pectore.
331 4320 467 4387 Uiribus
498 4324 666 4387 inbecillis.
703 4324 760 4385 sed
799 4322 893 4385 sortis
931 4323 1071 4403 ingenio.
1112 4322 1206 4383 Haec
1237 4342 1296 4384 ex-

93 4404 220 4485 plorata
236 4416 426 4489 temporum
439 4412 511 4474 uice
526 4432 602 4475 cum
617 4410 774 4475 canitiem
791 4410 948 4491 pruinosa
964 4409 1101 4471 hiberna
1117 4410 1295 4490 posuerint.

92 4500 125 4553 et
139 4493 274 4575 glaciari
298 4496 391 4561 senio
406 4498 497 4561 uemi
519 4499 678 4582 temporis
694 4498 865 4561 moderata
880 4497 1084 4561 deterserint.
1100 4496 1213 4559 statim
1238 4518 1297 4579 pro
