3038 5106
241 334 287 383 194
482 319 553 371 IIII.
583 320 671 371 NON.
702 318 788 373 Avo.
818 319 906 370 NAT.
937 320 964 371 S.
995 319 1198 371 STEPHANI.

240 474 312 536 tius.
340 480 377 535 ut
401 470 495 534 cuius
519 470 718 534 eruditione¹
750 468 904 534 caelestis
930 470 1021 535 uitae
1047 469 1172 553 gaudia
1195 490 1445 553 consequamur.

239 580 304 643 per.

776 683 913 749 Secreta.

284 798 409 863 Oblata
424 797 593 860 seruitutis
609 805 742 859 nostrae
758 816 895 859 munera
911 796 971 859 tibi
987 796 1122 859 domine
1137 817 1322 879 quesumus
1338 818 1447 861 annua

241 886 346 949 sancti
363 885 465 968 patris
482 885 585 946 nostri
602 882 809 946 atheluuoldi
822 884 968 966 episcopi
985 883 1214 966 sollempnitas
1230 887 1446 949 commendet

242 983 385 1055 accepta.
403 982 439 1035 ut
455 973 527 1033 eius
543 972 597 1052 pia
622 970 865 1052 supplicatione
890 971 1008 1033 muniti
1033 981 1230 1034 cunctorum
1254 983 1445 1035 nostrorum

242 1061 466 1123 remissionem
485 1059 723 1140 peccaminum.
739 1068 774 1120 et
789 1056 1004 1120 beatitudinis
1020 1060 1241 1140 sempiternae
1259 1078 1447 1122 mereamur

241 1146 389 1209 obtinere
405 1146 616 1208 consortium.
633 1164 691 1226 per
706 1145 879 1207 dominum
896 1155 1055 1207 nostrum.

751 1281 932 1361 Praefatio.

286 1396 336 1458 (D
361 1405 493 1456 aeterne
517 1395 607 1456 deus.
653 1392 821 1475 Quoniam
853 1394 948 1455 adest
973 1393 1069 1456 nobis
1094 1393 1236 1456 iocunda
1263 1403 1298 1456 et
1328 1396 1447 1459 uotiua

243 1483 424 1564 praesentis
449 1481 512 1543 diei
542 1480 676 1542 laetitia.
692 1500 792 1560 quam
820 1480 992 1561 apostolici
1017 1481 1170 1542 culminis
1194 1482 1321 1544 honore
1345 1482 1447 1545 subli-

245 1566 346 1643 men.†
362 1588 521 1648 roseoque
549 1567 696 1648 martyrii
725 1587 839 1629 cruore
868 1566 1087 1649 sollempnem
1117 1568 1251 1649 gloriosi
1277 1568 1446 1650 pontificis

242 1655 447 1717 atheluuoldi
481 1655 639 1717 moderna
670 1652 881 1716 caelebritate
910 1655 1118 1717 consecrasti.
1149 1665 1182 1717 et
1213 1675 1309 1736 spem
1350 1657 1448 1719 nobis

243 1754 335 1804 tante
361 1740 499 1804 fiduciae
529 1740 706 1802 contulisti.
735 1750 771 1802 ut
803 1760 863 1802 nos
894 1743 1041 1822 paternis
1071 1742 1141 1804 eius
1171 1740 1340 1823 suffragiis
1366 1752 1401 1805 et
1426 1765 1445 1805 a

243 1838 453 1911 peccatorum
479 1838 666 1890 nostrorum
697 1828 839 1889 nexibus
870 1828 988 1890 soluas.
1016 1840 1050 1891 et
1080 1828 1121 1891 ad
1154 1848 1257 1909 regna
1286 1829 1445 1893 caelestia

243 1918 411 1997 perducas.
426 1926 459 1978 et
475 1916 558 1977 ideo,

687 2051 749 2113 Ad
759 2051 984 2131 complendum.

287 2164 441 2227 Reiectus
466 2164 600 2226 domine
628 2164 739 2226 uitalis
768 2162 945 2225 alimoniae
975 2164 1197 2226 sacramentis.
1225 2165 1333 2227 sancti
1366 2186 1444 2228 con·

243 2250 372 2314 sessoris
411 2252 457 2314 tui
495 2249 701 2314 atheluuoldi
740 2250 885 2331 episcopi
924 2248 1068 2331 gloriosa
1105 2271 1165 2313 nos
1204 2251 1444 2315 intercessione

242 2348 386 2420 protege.
412 2348 446 2401 et
473 2337 514 2400 ad
540 2346 710 2400 aeternum
739 2336 889 2399 caelestis
914 2356 1027 2399 mense
1051 2337 1243 2400 conuiuium
1270 2340 1445 2420 peruenire

241 2427 393 2488 concede.
410 2445 474 2507 per.

716 2555 778 2618 Ad
789 2567 961 2637 uesperum.

285 2668 429 2751 Gregem
453 2680 546 2731 tuum
564 2678 677 2749 pastor
692 2678 844 2730 aeternae
860 2687 1026 2729 conserua.
1043 2677 1076 2729 et
1101 2668 1145 2749 pii
1162 2668 1244 2748 isui·
1267 2669 1323 2751 [fo.
1353 2687 1445 2750 139v.

242 2756 415 2837 sragatoris
458 2755 663 2817 atheluuoldi
705 2754 808 2836 patris
848 2755 949 2816 nostri
990 2754 1182 2817 defensione
1222 2758 1374 2838 guberna
1405 2767 1443 2820 ut

244 2844 336 2905 cuius
353 2839 595 2913 beniuolential
611 2850 813 2923 prouocante
839 2842 972 2922 superni
998 2843 1118 2903 amoris
1143 2842 1320 2906 dulcedine
1337 2847 1447 2925 pasci-

243 2950 322 2991 mur.
339 2930 407 2990 eius
424 2930 610 2991 interuentu
634 2928 869 3008 patrocinante.
895 2937 928 2990 et
952 2948 972 2989 a
999 2929 1189 3009 temporalis
1208 2931 1296 2992 uitae
1313 2944 1446 3011 pertur-

242 3015 430 3077 bationibus
447 3035 599 3077 eruamur
618 3026 651 3076 et
668 3015 829 3076 mansuris
853 3034 1069 3096 supernorum
1098 3016 1220 3077 ciuium
1243 3018 1379 3098 gaudiis
1395 3019 1447 3080 in-

242 3123 395 3165 seramur.
413 3123 470 3185 per
485 3102 658 3165 dominum
675 3110 832 3164 nostrum.

288 3314 353 3362 1111.
379 3300 474 3363 Nou.
500 3299 594 3362 Auo.
620 3297 774 3358 Narnia
798 3296 940 3360 sanem
965 3297 1158 3362 saaraim
1184 3297 1398 3365 Masurius,

288 3430 379 3492 Deus
405 3430 461 3510 qui
493 3449 552 3490 nos
580 3425 667 3488 beati
695 3425 845 3506 stephani
882 3428 1035 3508 martyris
1066 3427 1113 3489 tui
1144 3436 1244 3509 atquc
1275 3431 1452 3511 pontificis

244 3537 353 3579 annua
380 3515 626 3596 sollempnitate
658 3512 821 3574 laetificas.
853 3512 1038 3596 concc[de²]
1070 3515 1240 3595 propitius.
1273 3526 1310 3577 ut
1351 3521 1452 3582 cuius

244 3603 398 3666 natalicia
413 3602 560 3664 colimus,
577 3602 619 3663 de
634 3601 781 3661 eiusdem
805 3601 905 3662 etiam
930 3602 1135 3682 protectione
1151 3602 1370 3681 gaudeamus.
1388 3627 1450 3687 per

243 3691 415 3753 dominum
433 3698 590 3751 nostrum.

774 3824 909 3887 Secreta.

289 3940 429 4002 Munera
453 3940 513 4000 tibi
539 3938 673 4000 domine
699 3937 809 3999 dicata
833 3935 1009 3999 sanctifica.
1035 3947 1068 4000 et
1095 3939 1322 4001 intercedente
1343 3939 1451 4006 beato

242 4027 405 4176 stephpno
422 4037 565 4108 martyre
592 4036 649 4088 tuo
674 4034 773 4104 atque
800 4022 956 4105 pontifice
982 4045 1039 4106 per
1063 4026 1179 4088 eadem
1205 4045 1266 4087 nos
1290 4025 1451 4107 placatus

244 4126 334 4177 interr
361 4135 385 4177 e.
403 4135 468 4195 per.

276 4232 283 4264 ¹
302 4233 449 4297 Something
467 4233 512 4281 has
529 4230 675 4296 apparently
686 4231 749 4279 been
766 4230 870 4279 omitted
882 4230 907 4278 in
920 4230 962 4278 the
975 4230 1030 4280 MS.
1045 4240 1069 4279 at
1082 4230 1130 4280 this
1142 4231 1219 4296 point.
1258 4232 1334 4280 From
1346 4248 1361 4280 a
1374 4250 1447 4284 nrass

243 4300 280 4348 lor
298 4299 339 4347 the
356 4314 423 4348 same
435 4299 492 4361 day,
505 4297 570 4346 cited
588 4298 621 4359 by
634 4297 683 4344 lllr.
697 4296 800 4344 Warren
817 4294 881 4344 from
898 4295 940 4344 the
957 4294 1049 4344 Cotton
1067 4296 1122 4345 MS.
1137 4296 1253 4346 Vitellius
1270 4298 1302 4346 Α
1323 4298 1406 4358 xviii„
1422 4301 1441 4349 it

243 4364 325 4413 would
344 4379 411 4413 seem
431 4364 484 4412 that
502 4363 545 4411 the
563 4360 664 4425 missing
681 4360 763 4409 words
780 4376 821 4410 are
841 4360 958 4408 ueritatis
973 4366 1031 4409 tuac
1041 4360 1093 4410 lucc
1099 4361 1284 4425 perfundimur
1292 4363 1349 4412 eius
1359 4363 1443 4413 inter-

240 4431 343 4480 cessione
355 4431 406 4488 (see
418 4427 515 4477 Leoiric
527 4426 623 4485 lliissal,
637 4442 661 4490 p.
676 4426 745 4489 306.)

272 4492 282 4525 ¹
299 4494 410 4557 Syllable
420 4493 523 4544 omitted
536 4493 562 4543 in
575 4492 629 4542 MS.
