3038 5106
407 366 463 416 DE
488 367 667 418 COMI'UTO
691 366 990 416 ECCLESIASTICO.
1271 374 1302 427 37

96 519 239 583 habebis
254 518 341 582 xlma.
358 520 434 583 etsi
451 520 485 582 in
502 520 523 582 ii
540 520 583 584 id.
600 520 712 601 aprilis
728 518 883 582 habueris
906 521 1030 601 pascha
1054 520 1086 582 in
1111 518 1173 582 kal.
1191 517 1300 580 martii

96 606 238 670 habebis
254 606 367 670 xlmam,

142 694 297 777 Quantos
323 692 395 756 dies
421 701 500 756 ante
524 692 589 757 kal.
614 693 727 775 aprilis
751 692 875 755 habeas
901 693 1031 775 pascha.
1058 693 1160 756 tantis
1183 691 1300 755 diebus

94 789 177 843 ante
202 800 277 842 non.
295 780 361 843 mai
389 779 528 844 habebis
544 781 742 862 rogationes.
790 780 835 843 Et
859 782 886 842 si
903 782 936 842 in
954 780 1017 843 kal.
1034 781 1147 862 aprilis
1174 779 1299 842 habeas

97 866 233 951 pascha.
251 868 282 929 in
301 888 375 930 non.
394 868 460 930 mai
477 866 616 930 habebis
634 868 831 948 rogationes.

142 954 287 1037 Quantis
309 953 426 1017 diebus
450 964 527 1036 post
552 954 614 1016 kal.
632 954 751 1036 aprelis
778 953 902 1017 habeas
927 954 1051 1036 pascha
1066 954 1168 1017 tantis
1184 953 1301 1017 diebus

96 1050 175 1123 post
190 1061 265 1103 non.
283 1042 348 1103 mai
364 1039 502 1104 habebis
519 1042 715 1122 rogationes.

144 1128 316 1193 Statutum
341 1128 529 1191 inuenimus
545 1130 578 1190 in
596 1129 735 1190 concilio
760 1148 983 1190 romanorum.
1007 1137 1043 1190 ut
1071 1148 1130 1190 nec
1152 1137 1229 1190 ante
1254 1127 1298 1189 xi.

97 1214 162 1278 kal.
179 1216 292 1299 aprilis
308 1234 369 1276 nec
385 1224 462 1297 post
476 1216 530 1278 vii.
546 1215 609 1277 kal.
628 1216 693 1276 mai
710 1215 834 1296 pascha
850 1235 916 1277 non
932 1214 1055 1277 debeat
1071 1214 1147 1277 fieri.

796 1352 939 1414 kalende
955 1352 1101 1433 quinque

801 1438 914 1501 Idibus
930 1440 1018 1501 assiu

260 1349 406 1414 ¹Octone
419 1352 534 1414 martis

272 1438 392 1501 Ternis
407 1436 513 1501 sebrui

274 1523 380 1588 Senas
397 1527 511 1587 martis

273 1612 435 1675 Undenas
452 1613 567 1674 martis

274 1697 370 1763 Senis
387 1698 492 1761 februi

272 1785 382 1847 Teme
398 1787 513 1849 martis

272 1872 381 1954 Quart
395 1874 482 1936 dene
498 1874 611 1935 martis

273 1960 391 2023 Nonas
406 1961 521 2022 martis

274 2045 381 2111 Sexte
403 2050 518 2109 martis

275 2132 390 2196 Idibus
407 2133 511 2196 lebrui

273 2220 464 2302 Quartanas
480 2221 594 2283 martis

273 2306 389 2370 Nonas
406 2306 566 2370 kalendas

272 2392 442 2476 Quattuor
457 2394 530 2457 idus

275 2480 449 2544 Kalendas
466 2482 580 2544 martis

273 2568 458 2631 Duodenas
474 2569 589 2630 martis

272 2653 429 2736 Septenis
446 2654 550 2718 februi

274 2740 447 2823 Quartane
463 2742 606 2804 kalende

256 2827 453 2915 [Quindene
469 2830 583 2893 martis

272 2916 381 2979 Pridie
403 2935 508 2979 nonas

796 1525 895 1587 Nona
911 1526 944 1588 in
960 1525 1047 1587 senis

794 1611 955 1675 kalendas
972 1612 1057 1674 binis

792 1698 906 1762 ldibus
930 1701 1040 1780 quinis

798 1785 940 1848 kalende
956 1786 1060 1848 tribus

796 1873 938 1937 kalende
954 1893 1050 1935 senas

795 1980 870 2023 ecce
886 1970 1064 2042 quaternas

795 2046 936 2110 kalende
952 2055 1081 2128 septem

796 2135 828 2195 in
846 2134 950 2196 tribus
963 2144 1118 2196 constant

792 2221 909 2283 Nonas
926 2221 957 2283 in
975 2223 1074 2283 assim

794 2309 908 2370 martis
925 2309 956 2369 in
968 2308 1110 2389 quadris.

791 2393 896 2457 sebrui
913 2405 1040 2476 septem

788 2483 892 2544 etiam
909 2483 1028 2563 quinos

788 2568 949 2631 kalendas
966 2569 998 2630 in
1016 2589 1082 2630 uno

791 2656 900 2718 idibus
921 2665 1079 2737 quattuor

792 2743 906 2805 martis
922 2742 1051 2805 duabus

795 2829 937 2893 kalende
954 2832 1062 2911 quinis
1173 2828 1229 2911 [lo.
1247 2843 1297 2890 21.

791 2917 907 2978 martis
930 2917 962 2979 in
980 2916 1082 2978 ternis

141 3052 301 3135 Legimus
318 3052 350 3113 in
373 3051 524 3134 epistolis
548 3072 721 3134 grecorum
741 3053 830 3134 quod
856 3063 932 3135 post
957 3054 1146 3135 passionem
1163 3064 1298 3135 aposto-

97 3140 206 3205 lorum
222 3150 358 3202 sanctus
377 3140 549 3220 pacomius
573 3138 677 3201 abbas
697 3140 728 3201 in
750 3150 877 3222 egypto
893 3160 969 3202 cum
993 3140 1164 3202 monachis
1180 3141 1248 3203 suis
1265 3142 1296 3202 in

94 3228 247 3291 oratione
273 3226 316 3288 ad
345 3226 518 3288 dominum
545 3238 746 3309 rogauerunt
771 3238 807 3290 ut
832 3228 1023 3290 ostenderet
1053 3229 1100 3289 eis
1125 3228 1297 3308 quomodo

96 3313 223 3397 pascha
246 3311 407 3376 deberent
432 3312 619 3375 caelebrari.
645 3315 690 3376 Et
718 3315 808 3377 misit
834 3315 991 3377 dominus
1016 3315 1175 3395 angelum
1198 3335 1294 3377 suum

93 3411 130 3465 et
160 3399 292 3482 scripsit
322 3399 365 3462 ad
392 3398 577 3481 praelatum
616 3411 769 3463 sanctum
807 3403 997 3483 pacomium
1029 3403 1159 3483 cyclum
1192 3422 1296 3464 nono·

94 3487 293 3552 decimalem
311 3486 343 3549 in
357 3505 424 3550 uno
439 3486 634 3568 philacterio
651 3488 712 3551 hoc
730 3489 838 3551 modo.
886 3486 1009 3563 None.†

271 3622 369 3685 None
385 3624 527 3705 apraelis

272 3709 403 3774 Octone
419 3710 561 3774 kalende

273 3796 353 3860 Idus
369 3799 509 3879 apraelis

272 3883 371 3946 None
388 3896 550 3967 quartane

272 3970 358 4034 Item
374 3973 506 4035 undene

271 4055 439 4138 Quattuor
451 4058 524 4121 idus

269 4142 379 4207 Teme
395 4144 538 4209 kalende

790 3626 923 3688 Norunt
938 3624 1056 3707 quinos

790 3714 877 3776 assin
894 3715 1094 3794 depromunt

784 3802 885 3863 etiam
902 3801 993 3861 sexis

791 3908 934 3968 namque
947 3887 1108 3968 dipondio

787 3973 939 4035 ambiunt
961 3975 1081 4055 quinos

785 4061 921 4142 capiunt
938 4070 1048 4123 ternos

788 4148 922 4210 titulant
938 4168 1016 4210 sene

126 4420 134 4453 ¹
154 4420 185 4469 ln
202 4420 254 4471 this
269 4420 346 4483 table,
364 4420 415 4471 and
431 4421 457 4471 in
475 4422 529 4472 that
547 4421 629 4471 which
647 4421 743 4471 follows
759 4422 779 4471 ir
796 4438 829 4471 on
847 4422 879 4471 lo.
901 4436 940 4479 21,
960 4424 1002 4474 the
1029 4424 1109 4473 scribe
1125 4424 1172 4473 has
1193 4422 1299 4471 omitted

88 4484 189 4537 oerrnin
207 4484 329 4537 columns.
365 4486 416 4537 For
432 4487 476 4538 the
491 4486 537 4537 lull
553 4485 617 4536 form
634 4486 665 4537 ol
679 4487 721 4537 the
738 4488 826 4548 rables,
845 4506 886 4538 see
904 4489 946 4538 the
965 4490 1062 4539 leofric
1080 4490 1175 4547 Missak
1193 4504 1235 4553 pp.
1255 4488 1297 4549 48,

92 4564 137 4615 49·
