3038 5106
404 350 519 403 nean.
550 353 572 401 l.
605 351 742 413 curba.
790 351 906 401 neam
939 352 966 401 ν.
1256 352 1287 415 ⁶5

84 505 184 570 nobis
208 524 273 569 non
298 505 429 569 desinis.
452 515 486 568 et
509 515 546 568 ut
573 526 649 568 eum
675 505 901 568 indesinenter
930 506 1113 567 esuriamus
1138 504 1287 568 hortaris.

85 594 189 657 Cuius
213 612 312 655 carne
326 594 406 656 dum
421 593 585 674 pascimur
609 593 809 656 roboramur.
826 603 859 655 et
871 593 1031 674 sanguine
1041 593 1121 654 dum
1134 601 1289 674 potamur

84 682 261 743 abluimur.
277 699 336 762 per
350 699 459 761 quem.

534 815 597 878 Ad
607 816 831 897 complendum.

131 928 322 1012 Quesumus
359 928 572 1009 omnipotens
609 929 691 992 deus
729 938 766 991 ut
804 926 890 990 illius
927 926 1079 990 salutaris
1115 927 1285 1010 capiamus

84 1018 251 1081 effectum.
266 1016 359 1079 cuius
375 1036 434 1100 per
445 1015 527 1078 haec
543 1015 700 1097 mysteria
716 1016 836 1096 pignus
857 1015 1052 1096 accepimus.
1069 1035 1135 1098 per.

548 1164 656 1247 Super
661 1165 824 1246 populum.

132 1278 330 1343 Ascendant
344 1279 387 1342 ad
403 1287 438 1340 te
459 1278 595 1341 domine
619 1296 751 1359 praeces
775 1285 914 1339 nostrae.
938 1284 971 1340 et
987 1275 1030 1339 ab
1053 1275 1213 1339 aecclesia
1229 1285 1285 1339 tua

86 1375 242 1431 cunctam
259 1366 381 1448 repelle
393 1365 584 1447 nequitiam.
602 1385 670 1447 per.

565 1581 684 1644 Fama
710 1580 794 1644 1111.

132 1717 271 1781 Praeces
286 1728 415 1781 nostras
431 1738 612 1800 quesumus
626 1717 762 1781 domine
777 1716 957 1780 clementer
972 1716 1103 1779 exaudi.
1121 1725 1155 1780 et
1171 1727 1299 1795 contra,

86 1814 206 1869 cuncta
221 1806 318 1868 nobis
340 1806 551 1868 aduersantia
565 1807 740 1869 dexteram
759 1812 836 1867 tuae
853 1804 1034 1867 maiestatis
1049 1802 1123 1887 eae-s
1138 1803 1194 1886 [fu.
1212 1824 1285 1885 44v.

88 1893 196 1956 tende.
212 1913 272 1976 per
286 1894 460 1956 dominum
477 1904 637 1956 nostrum.

639 2020 730 2084 Alia.

132 2128 357 2195 Deuotionem
380 2131 495 2215 populi
518 2133 567 2195 tui
589 2152 770 2214 quesumus
793 2134 934 2197 domine.
959 2133 1120 2216 benignus
1143 2133 1278 2195 intende

89 2218 196 2297 utqui
213 2239 272 2300 per
286 2218 522 2282 abstinentiam
539 2232 747 2283 macerantur
762 2221 796 2282 in
813 2241 957 2303 corpore.
974 2242 1033 2304 per
1048 2220 1190 2284 fructum
1208 2219 1286 2282 boni

89 2305 197 2385 operis
212 2305 401 2369 reficiantur
424 2306 457 2368 in
474 2316 593 2370 mente.
609 2328 668 2389 per
682 2309 857 2372 dominum
874 2318 1033 2371 nostrum.

620 2439 758 2504 Secreta.

134 2548 273 2613 Hostias
288 2549 348 2612 tibi
364 2551 498 2613 domine
514 2552 711 2634 placationis
734 2552 908 2616 offerimus.
925 2562 1011 2615 utet
1033 2552 1153 2615 delicta
1177 2563 1289 2615 nostra

93 2637 265 2701 miseratus
277 2637 440 2701 absoluas.
457 2648 490 2702 et
505 2641 660 2702 nutantia
675 2641 775 2703 corda
790 2650 825 2702 tu
842 2640 972 2722 dirigas.
989 2659 1047 2722 per
1062 2638 1243 2702 dominum.

602 2775 786 2856 Praefatin

132 2885 182 2950 (D
198 2893 332 2948 aeterne
353 2886 444 2950 deus.
467 2886 522 2969 qui
547 2886 578 2949 in
602 2888 797 2951 alimentum
822 2886 968 2968 corporis
991 2885 1128 2948 humani
1153 2885 1284 2966 frugum

92 2972 220 3052 copiam
242 2973 424 3055 producere
449 2974 578 3038 iussisti.
602 2985 635 3038 et
666 2977 699 3037 in
730 2975 926 3037 alimentum
957 2975 1142 3036 animarum
1175 2973 1285 3033 ieiunii

93 3056 185 3121 nobis
195 3060 396 3124 medicinam
406 3061 563 3125 indidisti.
602 3063 651 3125 Te
664 3063 776 3144 itaque
792 3061 957 3143 supplices
968 3061 1170 3121 inuocamus.
1180 3068 1217 3120 ut
1228 3059 1288 3120 tibi

93 3144 134 3208 sit
157 3147 363 3229 acceptabile
386 3147 544 3211 ieiunium
575 3160 733 3213 nostrum.
758 3158 791 3212 et
819 3168 879 3211 nos
902 3168 922 3210 a
946 3147 1038 3229 cybis
1062 3147 1246 3208 ieiunantes
1269 3166 1289 3207 a

95 3234 236 3313 peccatis
251 3234 414 3299 absoluas.
431 3255 490 3317 per
498 3235 666 3300 christum.

543 3371 606 3435 Ad
615 3370 841 3453 conplendum.

133 3476 196 3542 Tui
223 3478 359 3543 domine
383 3484 595 3566 perceptione
621 3484 818 3546 sacramenti
842 3491 875 3544 et
898 3503 917 3544 a
949 3481 1068 3543 nostris
1092 3479 1290 3542 mundemur

96 3566 236 3629 occultis.
252 3577 287 3630 et
301 3567 345 3630 ab
360 3568 506 3633 hostium
523 3570 698 3633 liberemur
716 3571 849 3633 insidiis.
867 3591 924 3652 per
939 3570 1112 3631 dominum
1129 3577 1287 3630 nostrum.

552 3709 659 3791 Super
664 3710 826 3792 populum.

136 3812 267 3881 Mentes
304 3829 433 3883 nostras
470 3840 649 3902 quesumus
687 3823 822 3885 domine
859 3818 984 3881 lumine
1015 3827 1092 3880 tuae
1130 3814 1288 3877 claritatis

98 3898 236 3967 inlustra
263 3914 301 3968 ut
324 3907 437 3971 uidere
461 3910 626 3990 possimus
650 3929 736 3991 quae
766 3909 897 3991 agenda
923 3916 1008 3968 sunt.
1036 3915 1069 3967 et
1091 3923 1177 3986 quae
1201 3911 1288 3963 recta

97 4000 168 4053 sunt
182 4011 282 4073 agere
296 3994 476 4058 ualeamus.
492 4016 551 4077 per
566 3996 747 4059 dominum.

599 4206 626 4268 F
631 4220 720 4268 eura
743 4204 785 4268 V.

136 4336 359 4403 Deuotionem
375 4342 490 4424 populi
506 4342 554 4405 tui
570 4363 749 4424 quesumus
762 4342 897 4405 domine
914 4341 1076 4422 benignus
1093 4338 1235 4401 intende.
1253 4348 1289 4399 ut

97 4423 147 4501 qui
169 4445 229 4505 per
248 4426 486 4493 abstinentiam
510 4442 717 4494 macerantur
741 4432 773 4493 in
793 4449 940 4513 corpore.
956 4448 1014 4511 per
1041 4426 1183 4489 sructum
1213 4426 1290 4489 boni

97 4510 200 4591 operis
222 4512 412 4579 reficiantur
423 4518 456 4581 in
474 4527 593 4583 mente.
610 4539 675 4600 per.

135 4604 329 4675 Juuteces
1142 4614 1162 4662 F
