3038 5106
430 371 671 425 BENEDICTIO
691 373 798 425 SALIS
817 372 875 424 ET
890 375 1030 438 AQUAE.
1286 390 1334 447 ης

434 547 589 627 M1ssast
610 550 788 615 E1us1>ssr
812 550 976 617 Umuna.

173 675 267 742 Deus
281 678 445 743 castitatis
466 687 598 743 amator
618 688 653 743 et
675 680 900 743 continentiae
922 690 1144 745 conseruator.
1167 681 1331 765 supplica·

128 766 255 829 tionem
264 776 413 830 nostram
422 766 587 849 benignus
596 766 721 829 exaudi
733 775 767 830 et
779 767 864 830 hanc
877 766 1036 830 famulam
1047 766 1155 850 tuaml
1167 768 1223 852 [se.
1239 772 1329 848 198v.

129 853 292 935 propitius
318 853 454 917 intuere.
476 862 512 917 et
541 873 628 936 quae
649 873 711 937 pro
733 854 851 917 timore
874 864 932 917 tuo
956 856 1181 919 continentiae
1204 858 1330 939 pudici-

129 939 211 1001 tiam
235 949 342 1003 uouet.
366 950 426 1003 tuo
448 939 576 1004 auxilio
598 951 819 1004 conseruetur.
842 951 880 1004 ut
911 943 1159 1024 sexagesimum
1184 942 1328 1007 fructum

128 1026 362 1091 continentiae.
391 1037 425 1090 et
455 1028 559 1090 uitam
590 1036 760 1091 aeternam
794 1038 827 1091 te
866 1027 1026 1109 largiente
1063 1031 1232 1113 percipiat
1270 1051 1329 1113 per

128 1113 302 1176 dominum
320 1124 477 1177 nostrum.

663 1217 800 1282 Secreta.

173 1327 314 1392 Munera
327 1348 508 1412 quesumus
530 1329 666 1392 domine
681 1328 825 1392 famulae
847 1339 881 1392 et
904 1341 1051 1394 sacratae
1074 1341 1159 1395 tuae.
1175 1332 1221 1395 ill.
1243 1352 1329 1414 quae

128 1414 188 1478 tibi
218 1415 495 1479 obsecrationem¹
524 1418 574 1479 sui
604 1416 751 1499 corporis
774 1415 870 1480 offert
901 1417 999 1481 simul
1029 1419 1071 1481 ad
1103 1419 1173 1482 eius
1196 1420 1328 1482 animae

128 1502 293 1566 medelam
309 1501 467 1585 proficiat.
483 1523 550 1586 per.

582 1627 644 1690 Ad
654 1627 879 1709 conqlcndum.

172 1738 340 1803 Bonorum
376 1740 459 1804 deus
488 1759 626 1822 operum
658 1740 828 1804 institutor
863 1738 1006 1803 famulae
1036 1751 1113 1804 tuae
1143 1742 1189 1805 ill.
1227 1741 1328 1805 corda

127 1826 272 1908 purifica
303 1837 341 1890 ut
363 1827 444 1890 nihil
468 1827 501 1889 in
525 1846 565 1890 ea
587 1826 677 1909 quod
702 1828 819 1910 punire
842 1827 900 1889 sed
924 1828 1015 1910 quod
1045 1848 1203 1892 coronare
1220 1830 1327 1910 possis

127 1914 286 1978 inuenias.
301 1934 359 1995 per
375 1914 558 1978 dominum.

484 2111 632 2176 Onano
655 2127 706 2175 no
730 2113 965 2177 urrunnun.

171 2239 303 2304 Adesto
317 2242 453 2305 domine
468 2241 578 2305 officio
593 2250 725 2306 nostrae
741 2243 908 2306 seruitutis
931 2243 1010 2324 quia
1032 2253 1068 2306 tu
1092 2243 1193 2325 pedes
1217 2244 1328 2307 lauare

125 2327 284 2409 dignatus
298 2348 334 2390 es
350 2328 597 2410 discipulorum.
620 2348 662 2391 ne
683 2327 865 2412 dispiceas†
887 2349 988 2412 opera
1012 2350 1171 2392 manuum
1195 2341 1326 2394 tuarum

125 2416 319 2495 quesumus¹
350 2415 446 2478 nobis
476 2415 648 2479 retinenda
680 2417 855 2480 mandasti.
882 2436 1062 2498 quesumus
1092 2428 1129 2480 ut
1159 2417 1244 2480 sicut
1274 2418 1327 2481 hic

124 2502 293 2564 exteriora
315 2501 495 2566 abluuntur
517 2503 776 2585 inquinamenta.
801 2504 847 2567 sic
871 2524 890 2566 a
913 2513 946 2565 te
969 2505 1118 2566 omnium
1139 2514 1326 2568 nostrorum

126 2588 283 2652 interiora
298 2588 451 2653 lauentur
466 2599 611 2672 peccata.
627 2590 684 2674 qui
701 2610 776 2654 cum
793 2600 897 2673 patre.

430 2793 668 2857 Bausmcmo
692 2792 800 2857 Saus
826 2806 872 2855 aa
895 2790 1036 2868 Aquini

170 2931 337 2994 Exorcizo
357 2940 391 2994 te
407 2941 557 2994 creatura
581 2930 660 2994 salis
686 2950 745 3012 per
760 2930 859 2993 deum
873 2930 995 2993 uiuum.
1013 2951 1070 3012 per
1086 2933 1186 2995 deum
1203 2953 1327 2997 uerum.

126 3038 186 3101 per
200 3019 300 3081 deum
317 3027 478 3082 sanctum.
509 3038 568 3099 per
582 3019 684 3081 deum
700 3017 756 3099 qui
773 3027 807 3080 te
822 3038 881 3099 per
901 3016 1060 3079 heliseum
1078 3019 1276 3100 prophetam
1293 3021 1325 3083 in

126 3125 248 3188 aquam
265 3106 352 3168 mitti
370 3105 471 3167 iussit.
488 3115 524 3167 ut
540 3114 712 3167 sanaretur
727 3104 883 3167 sterilitas
903 3124 1017 3185 aquae.
1045 3118 1081 3168 ut
1100 3105 1251 3170 efficiaris
1277 3108 1324 3170 sal

124 3193 351 3256 exorcizatum
369 3192 402 3254 in
418 3191 560 3254 salutem
575 3191 791 3254 credentium.
801 3201 835 3254 et
847 3192 891 3253 sis
902 3192 1057 3254 omnibus
1070 3201 1102 3255 te
1118 3195 1326 3258 sumentibus

125 3280 251 3343 sanitas
267 3281 399 3342 animae
414 3289 448 3342 et
463 3279 618 3360 corporis.
633 3286 668 3341 et
683 3276 820 3360 effugiat
837 3287 937 3359 atque
953 3279 1103 3342 discedat
1119 3280 1162 3343 ab
1188 3301 1228 3344 eo
1253 3281 1326 3345 loco

124 3386 193 3449 quo
204 3385 357 3449 aspersus
368 3365 466 3428 fueris
478 3365 586 3428 omnis
596 3365 780 3448 phantasia.
794 3374 827 3427 et
839 3366 985 3447 nequitia
996 3366 1047 3428 uel
1062 3368 1326 3431 uersutiadiabo-

126 3453 208 3517 licae
224 3453 356 3517 fraudis.
373 3453 548 3534 omnisque
560 3454 695 3535 spiritus
705 3452 885 3514 inmundus
901 3452 1079 3515 adiuratus.
1095 3474 1154 3535 per
1169 3475 1245 3519 eum
1268 3456 1324 3536 qui

126 3551 294 3605 uenturus

685 3643 776 3707 Alia.

168 3754 405 3842 [1³]nmensam
444 3755 655 3817 clementiam
687 3764 779 3817 tuam
812 3755 1024 3836 omnipotens
1062 3766 1195 3819 aeterne
1233 3758 1323 3821 deus

123 3844 292 3907 humiliter
308 3843 530 3925 imploramus.
548 3852 584 3904 ut
599 3841 686 3904 hanc
701 3853 885 3904 creaturam
902 3841 979 3904 salis
995 3860 1096 3923 quam
1112 3842 1160 3926 sin
1178 3843 1233 3925 [fo.
1254 3862 1323 3927 199.

124 3951 219 3995 usum
250 3930 380 4013 generis
410 3928 547 3991 humani
578 3928 731 3992 tribuisti.
762 3928 957 3991 benedicere
981 3937 1014 3990 et
1037 3929 1242 3994 sanctificare
1265 3942 1323 3996 tua

123 4020 249 4101 pietate
278 4016 432 4098 digneris.
463 4026 501 4078 ut
531 4016 573 4079 sit
603 4015 758 4078 omnibus
788 4014 996 4077 sumentibus
1027 4016 1115 4078 salus
1147 4019 1266 4081 mentis
1289 4030 1323 4082 et

121 4104 276 4187 corporis.
293 4113 327 4166 et
342 4104 498 4185 quicquid
517 4122 562 4164 ex
586 4121 626 4165 eo
649 4111 775 4164 tactum
799 4101 852 4164 uel
876 4122 1059 4184 respersum
1084 4102 1188 4167 suerit.
1212 4117 1323 4169 careat

120 4192 214 4256 omni
230 4191 431 4254 inmunditia
445 4190 603 4270 omnique
625 4189 865 4271 inpugnatione
888 4190 1044 4271 spiritalis
1067 4192 1242 4271 nequitiae.
1265 4213 1324 4275 per

120 4300 199 4345 eum
214 4280 272 4361 qui
288 4288 455 4341 uenturus.

379 4402 400 4451 F
400 4418 429 4452 or
438 4402 467 4450 ob
477 4400 686 4451 consecrationem.

348 4488 359 4523 ¹
373 4494 431 4545 The
442 4493 499 4545 MS.
512 4492 558 4543 has
570 4478 615 4555 ἶ,
645 4491 749 4557 robably
760 4493 793 4558 by
803 4508 836 4543 an
847 4505 915 4541 error
926 4490 965 4540 ior
974 4507 1044 4556 quae.

347 4558 462 4611 ’letter
472 4558 545 4609 omitt
588 4558 616 4609 in
658 4556 685 4609 S.
