3038 5106
392 338 500 390 XVIII.
531 340 616 390 KAL.
646 339 728 391 FEB.
759 339 846 390 ΝΑΤ.
878 342 904 391 S.
935 341 1070 393 MAURI.
1287 350 1330 406 151

582 509 645 572 Ad
654 508 880 590 corrrplendum.

180 626 272 690 Deus
297 622 445 688 fidelium
469 632 695 687 remunerator
717 624 915 686 animarum.
938 634 1070 706 praesta
1092 643 1272 705 quesumus
1295 635 1332 687 ut

135 714 225 777 beati
256 711 363 775 hilarii
394 710 591 774 confessoris
611 710 658 772 tui
675 720 775 791 atque
798 708 968 791 pontificis
992 710 1083 773 cuius
1107 711 1331 774 uenerandam

134 798 356 881 [celebramus
379 797 603 861 lestiuitatem.
619 797 689 859 eius
706 797 878 878 praecibus
902 797 1142 880 indulgentiam
1188 796 1244 880 [so.
1264 799 1331 861 108.

133 906 385 969 consequamur.
400 904 459 967 per
473 884 655 948 dominum.

167 1081 243 1131 xrx.
268 1066 358 1128 Kar.
383 1064 491 1127 Facu.
517 1064 674 1127 Nnrnra
698 1064 839 1129 Snuccr
865 1066 1011 1129 Fauen
1035 1065 1296 1129 consessurus.

181 1178 337 1244 Concede
356 1196 536 1259 quesumus
563 1177 775 1259 omnipotens
798 1179 879 1241 deus
903 1189 939 1240 ut
962 1178 1004 1241 ad
1030 1177 1198 1240 meliorem
1230 1178 1333 1241 uitam

135 1277 326 1331 sanctorum
352 1273 484 1327 tuorum
508 1263 666 1347 exempla
696 1284 756 1326 nos
784 1275 974 1345 prouocent.
1004 1276 1168 1347 quatenus
1192 1284 1333 1347 quorum

134 1352 335 1436 sollempnia
350 1352 489 1434 agimus.
504 1351 606 1413 etiam
623 1361 716 1414 actus
733 1352 907 1415 imitemur.
922 1372 988 1435 per.

669 1484 805 1550 Secreta.

184 1600 324 1664 Hostias
339 1600 399 1663 tibi
415 1599 550 1662 domine
565 1598 654 1662 beati
672 1597 774 1661 selicis
789 1598 986 1662 confessoris
1002 1600 1050 1663 tui
1067 1600 1195 1663 dicatas
1212 1601 1336 1662 meritis

137 1690 303 1771 benignus
333 1706 472 1750 assume.
503 1694 537 1748 et
574 1686 616 1749 ad
656 1695 852 1768 perpetuum
891 1686 987 1750 nobis
1024 1687 1132 1749 tribue
1163 1688 1337 1768 prouenire

134 1775 331 1839 subsidium.
347 1794 416 1857 per.

657 1874 841 1956 Praefatio.

185 1991 235 2055 G)
258 1999 391 2053 aeterne
414 1989 504 2052 deus.
551 1987 706 2051 Natalem
731 1989 836 2051 sancti
861 1987 963 2051 felicis
987 1989 1140 2070 martyris
1163 1989 1210 2052 tui
1226 1988 1340 2052 debita

141 2076 322 2141 lestiuitate
343 2077 533 2140 recolentes.
579 2073 646 2156 Qui
669 2075 842 2156 apostolici
866 2074 1078 2157 pontificatus
1094 2078 1214 2158 dignus
1231 2077 1263 2137 in
1279 2095 1339 2138 sua

140 2175 252 2229 aetate
276 2184 451 2227 successor.
478 2173 513 2226 et
536 2162 690 2244 passione
720 2162 917 2225 fortissimus
943 2164 1096 2225 imitator.
1122 2163 1339 2244 persecutoris

140 2251 290 2335 gladium
307 2250 472 2333 intrepida
493 2249 622 2314 ceruice
645 2250 800 2330 suscepit.
847 2248 1005 2313 Gaudens
1027 2270 1088 2331 pro
1111 2271 1150 2312 eo
1173 2270 1208 2311 se
1231 2251 1339 2332 capite

140 2338 294 2402 truncari.
310 2357 407 2419 aquo
422 2357 488 2400 non
505 2337 611 2418 possit
626 2335 760 2399 abscidi.
776 2356 876 2417 qucm
893 2335 1031 2399 laudant
1047 2336 1164 2417 angeli.

596 2476 658 2540 Ad
669 2476 893 2559 conpilendum.

190 2588 380 2672 Quesumus
413 2589 550 2653 domine
585 2587 784 2652 salutaribus
819 2588 934 2669 repleti
977 2588 1150 2670 mysteriis.
1186 2596 1223 2650 ut
1250 2588 1342 2650 cuius

141 2675 342 2758 sollempnia
356 2675 570 2739 celebramus.
586 2676 656 2738 eius
671 2675 877 2738 orationibus
892 2676 1096 2738 adiuuemur.
1114 2695 1179 2756 per.

216 2868 321 2917 xvur.
346 2854 437 2917 ΚΑΙκ
462 2852 573 2917 Fumi.
596 2853 754 2916 Nnrnra
777 2851 918 2917 Snucrr
944 2852 1075 2915 Mnuru
1100 2852 1273 2915 Auunrrs

192 2982 285 3047 Deus
299 2982 356 3064 qui
372 2996 528 3045 aeternae
553 2980 679 3062 gloriae
706 2981 902 3063 participem
930 2981 1120 3043 concessisti
1140 2980 1209 3044 fieri
1224 2982 1345 3045 beatis-

144 3070 268 3133 simum
285 3087 436 3131 maurum
453 3068 590 3131 leuitam
614 3077 714 3150 atque
730 3067 895 3131 abbatem.
912 3068 1057 3130 concede
1073 3067 1168 3131 nobis
1184 3070 1346 3151 propitius

146 3160 221 3240 ipso
237 3155 415 3219 intercede¹
442 3156 570 3219 aditum
599 3156 689 3237 regni
711 3155 862 3217 caelestis
888 3155 981 3216 cuius
1004 3156 1046 3218 ad
1062 3154 1148 3218 benc
1164 3156 1344 3219 uiuendum

144 3241 365 3307 informamur
378 3242 550 3324 exemplis.
567 3262 632 3324 per.

682 3357 819 3421 Secreta.

194 3462 303 3544 Super
317 3460 398 3525 haec
414 3481 507 3525 sacra
522 3458 663 3535 sancta†
678 3459 836 3523 libamina
846 3461 933 3523 adsit
943 3480 1123 3541 quesumus
1136 3462 1348 3543 omnipotens

148 3552 233 3615 deus
249 3562 327 3612 tuae
354 3548 593 3612 benedictionis
618 3548 721 3629 copia.
748 3558 781 3609 et
806 3547 894 3610 beati
922 3549 1026 3609 mauri
1052 3548 1348 3611 interuenientibus

150 3636 285 3700 meritis.
301 3636 368 3698 sint
388 3636 431 3699 ad
447 3634 645 3717 [remedium
669 3636 796 3697 cunctis
820 3632 973 3696 fidelibus
990 3635 1128 3716 populis.
1176 3634 1231 3717 [so.
1253 3642 1344 3699 roilv.

149 3744 218 3807 per.

672 3856 853 3937 Praefatio.

195 3968 247 4033 (Β
291 3977 425 4031 aeterne
466 3967 557 4031 deus.
626 3967 728 4033 Cuius
767 3966 943 4029 ineffabilis
981 3967 1087 4047 pietas
1124 3965 1353 4029 beatissimum

150 4075 305 4119 maurum
332 4055 472 4118 leuitam
509 4064 610 4138 atque
646 4056 802 4118 abbatem
837 4054 993 4136 prouexit
1029 4054 1071 4115 ad
1099 4053 1180 4116 caeli
1207 4053 1355 4134 gloriam.

150 4142 311 4227 quoniam
328 4142 530 4205 sanctissimi
547 4142 696 4223 magistri
716 4142 765 4206 sui
783 4140 948 4204 benedicti
965 4142 1010 4202 sic
1027 4140 1145 4202 enituit
1162 4150 1305 4203 sectator
1321 4142 1353 4202 in

152 4228 310 4294 omnibus
336 4236 533 4311 cooperatur
558 4228 721 4291 assiduis?
748 4239 784 4291 ut
811 4248 886 4290 cum
919 4248 959 4290 eo
991 4238 1024 4290 et
1059 4227 1181 4290 sanctis
1201 4228 1355 4289 omnibus

153 4317 187 4381 in
204 4316 286 4381 caeli
304 4316 395 4379 curia
412 4323 576 4378 mereatur
591 4314 659 4377 fieri
676 4312 871 4387 adtheleta.l
886 4335 944 4396 per
959 4314 1126 4378 christum.

522 4446 531 4480 ¹
548 4450 598 4501 For
608 4452 776 4501 intercedente.

520 4512 531 4547 ²
548 4516 598 4565 For
608 4523 744 4580 cooperator
753 4516 876 4566 assiduus.
