3038 5106
211 349 244 398 92
571 338 678 389 ORAT.
705 338 754 390 IN
771 338 875 389 SABB.
901 338 1055 391 SANCIO.

214 492 385 555 redeundi¹
411 492 453 555 ad
488 492 635 556 laborem
666 513 744 556 cura
773 493 928 557 succedit.
975 494 1199 577 Disperseque
1228 512 1287 577 per
1317 512 1419 575 agros

214 578 339 641 libratis
364 578 534 660 paululum
560 581 677 661 pennis
704 581 851 644 cruribus
875 583 1042 663 suspensis
1072 582 1227 644 insidunt.
1290 581 1418 642 Partim

213 686 269 727 ore
286 665 393 747 legere
410 666 570 730 flosculos
587 668 754 730 honeratis
770 668 968 730 uictualibus
984 670 1051 730 suis
1074 668 1116 731 ad
1140 677 1249 730 castra
1265 677 1419 728 remeant

214 753 324 833 ibique
349 753 433 815 aliae
457 754 690 817 inaestimabili
717 765 787 817 arte
811 754 946 817 cellulas
966 756 1074 818 tenaci
1091 756 1221 837 glutino
1237 755 1418 816 instruunt.

215 839 312 901 Aliae
343 840 501 921 liquentia
529 841 626 903 mella
652 842 785 920 stipant.
811 842 894 904 aliae
925 852 1059 905 uertunt
1085 841 1181 904 flores
1211 843 1243 903 in
1275 860 1419 902 caeram.

215 926 312 988 Aliae
338 946 394 988 ore
416 938 511 989 natos
528 926 661 1010 fingunt
678 929 763 990 aliae
778 929 953 991 collectum
969 949 987 991 e
1003 928 1089 991 soliis
1105 938 1218 991 nectar
1234 927 1420 990 includunt.

215 1012 300 1094 Apis
316 1015 461 1094 corporis
478 1016 614 1076 minima
634 1016 828 1096 quantitate.
845 1016 978 1097 ingenio
1003 1016 1161 1078 mirabilis
1186 1014 1336 1076 naturali.
1385 1012 1418 1077 O

214 1119 290 1161 uere
317 1098 414 1162 beata
439 1110 472 1161 et
498 1101 655 1163 mirabilis
679 1102 760 1182 apis.
775 1103 867 1165 cuius
892 1123 952 1165 nec
978 1123 1098 1165 sexum
1126 1101 1262 1164 masculi
1287 1100 1420 1162 uiolant

215 1187 321 1248 foetus
338 1207 402 1248 non
420 1199 585 1269 quassant.
602 1209 661 1249 nec
679 1188 733 1249 filii
750 1189 924 1251 destruunt
940 1191 1136 1252 castitatem.
1184 1188 1276 1252 Sicut
1300 1198 1420 1249 sancta

214 1275 367 1354 concepit
391 1275 483 1354 uirgo
501 1277 611 1337 maria.
629 1276 724 1356 uirgo
740 1276 877 1357 peperit.
893 1287 926 1338 et
943 1277 1036 1357 uirgo
1052 1277 1244 1357 permansit
1291 1273 1322 1338 Ο
1340 1294 1420 1336 uere

214 1360 312 1423 beata
329 1381 398 1422 nox
417 1382 503 1442 quae
526 1361 710 1442 expoliauit
733 1364 915 1444 aegyptios
939 1364 1059 1425 ditauit
1076 1363 1225 1424 hebreos.
1271 1361 1358 1424 Nos'
1383 1362 1416 1422 in

213 1467 279 1528 qua
305 1449 442 1510 terrenis
466 1448 628 1511 caelestia.
655 1449 800 1511 humana
827 1451 946 1511 diuinis
977 1454 1164 1532 iunguntur.
1211 1448 1358 1513 Oramus
1384 1458 1419 1509 te

214 1535 348 1596 domine
365 1546 401 1597 ut
416 1555 549 1597 caereus
566 1536 626 1596 iste
651 1536 683 1596 in
708 1536 867 1598 honorem
894 1537 1036 1599 nominis
1063 1538 1111 1599 tui
1136 1545 1355 1599 consecratus.
1373 1536 1418 1595 ad

214 1621 309 1682 huius
333 1623 439 1684 noctis
462 1622 635 1702 caliginem
659 1624 894 1685 destruendam
926 1623 1117 1686 indeficiens
1139 1625 1262 1705 persse·
1285 1621 1341 1702 [so.
1366 1622 1419 1700 63.

214 1718 312 1769 uerct.
330 1718 429 1789 atque
456 1709 487 1770 in
513 1708 648 1771 odorem
665 1710 837 1772 suauitatis
854 1720 1016 1792 acceptus.
1034 1712 1182 1792 supernis
1199 1708 1420 1771 luminaribus

215 1795 399 1858 misceatur.
489 1796 657 1857 Flammas
708 1797 777 1859 eius
830 1796 943 1858 lucifer
993 1799 1154 1859 accendat
1206 1798 1262 1877 qui
1314 1796 1420 1857 nescit

214 1901 377 1945 occasum.
408 1882 462 1944 ille
486 1884 541 1963 qui
568 1903 733 1964 regressus
759 1885 802 1946 ab
826 1883 936 1945 inseris
964 1884 1110 1946 humano
1140 1884 1253 1965 generi
1280 1901 1419 1944 serenus

214 1968 343 2031 inluxit.

259 2056 455 2118 Praecamur
469 2076 548 2137 ergo
564 2065 597 2117 te
613 2057 747 2119 domine
762 2066 800 2119 ut
816 2076 876 2119 nos
892 2056 1034 2119 samulos
1050 2066 1124 2119 tuos
1141 2076 1275 2118 omnem
1292 2056 1417 2118 clerum

212 2150 246 2205 et
262 2143 512 2204 deuotissimum
530 2144 690 2224 populum
707 2164 864 2206 unacum
886 2154 980 2225 patre
1002 2160 1115 2206 nostro
1138 2144 1332 2205 beatissimo
1348 2143 1419 2204 uiro

213 2229 257 2291 r'll.
274 2231 385 2310 quiete
401 2241 589 2311 temporum
606 2249 769 2293 concessa.
786 2230 819 2293 in
842 2230 893 2293 his
916 2230 1126 2313 paschalibus
1142 2231 1271 2312 gaudiis
1287 2249 1418 2293 conser-

213 2336 290 2378 uare
305 2315 457 2398 digneris.
475 2337 533 2398 per
547 2317 727 2379 dominum.

214 2508 236 2557 „i
386 2476 610 2542 ORATlONES
635 2492 676 2541 IN
701 2492 867 2543 SABBATO
891 2493 1037 2543 SANCTO
1061 2492 1238 2543 PASCHAE.

185 2626 195 2653 ,ι
258 2590 295 2653 ln
313 2591 474 2673 principio
490 2592 614 2653 creauit
630 2593 712 2654 deus
729 2591 856 2654 caelum
873 2600 906 2653 et
922 2601 1050 2654 terram.

747 2727 888 2792 Collecta.

257 2830 349 2892 Deus
365 2833 420 2911 qui
438 2830 631 2893 mirabiliter
646 2833 762 2894 creasti
780 2832 958 2894 hominem.
974 2840 1007 2894 et
1034 2831 1215 2893 mirabilius
1240 2832 1416 2895 redemisti.

212 2920 255 2982 da
271 2917 365 2979 nobis
381 2938 560 2998 quesumus
583 2929 699 2980 contra
722 2919 967 2983 oblectamenta
991 2921 1118 3000 peccati
1144 2920 1265 2980 mentis
1290 2921 1418 2982 ratione

213 3006 368 3066 resistere.
409 3016 446 3067 ut
485 3025 670 3067 mereamur
700 3008 742 3068 ad
782 3005 905 3087 gaudia
934 3015 1068 3068 aeterna
1102 3006 1282 3087 peruenire.
1360 3007 1420 3068 Per

212 3091 385 3154 dominum
402 3106 562 3154 nostrum.

258 3204 296 3266 In
313 3203 428 3266 diebus
446 3203 520 3268 illis.
565 3203 705 3266 Factum
722 3205 820 3266 estin
839 3204 951 3286 uigilia
967 3203 1138 3266 matutina.

747 3328 889 3392 Tractus.

257 3430 437 3493 Cantemus
454 3431 598 3494 domine.

746 3543 886 3608 Collecta.

258 3652 349 3715 Deus
373 3655 465 3716 cuius
491 3655 629 3737 antiqua
653 3655 810 3718 miracula
832 3656 932 3718 etiam
957 3655 1077 3717 nostris
1093 3656 1231 3717 saeculis
1247 3675 1419 3720 coruscare

214 3742 381 3803 sentimus
393 3742 472 3803 dum
489 3742 578 3822 quod
596 3743 650 3804 uni
667 3743 791 3823 populo
803 3764 823 3804 a
835 3744 1061 3823 persecutione
1074 3744 1231 3824 aegyptia
1247 3743 1420 3806 liberando

213 3829 371 3889 dexterae
402 3839 478 3890 tuae
510 3830 657 3910 potentia
687 3830 862 3892 contulisti.
889 3830 922 3891 id
949 3831 981 3892 in
1009 3830 1150 3891 salutem
1178 3832 1329 3911 gentium
1361 3851 1420 3912 per

213 3935 334 3995 aquam
362 3917 617 3996 regenerationis
644 3918 796 3997 operaris.
821 3927 952 3998 praesta
978 3927 1014 3978 ut
1039 3927 1072 3978 et
1097 3917 1129 3978 in
1157 3917 1301 3979 abrahae
1327 3917 1420 3981 filios

212 4011 245 4063 et
269 4002 300 4063 in
318 4002 548 4064 israheliticam
572 4004 768 4084 dignitatem
793 4005 896 4067 totius
923 4005 1037 4066 mundi
1064 4014 1211 4067 transeat
1237 4004 1421 4086 plenitudo,

213 4109 281 4170 per.

256 4189 309 4251 ³In
327 4188 443 4251 diebus
459 4188 530 4252 illis.
576 4189 841 4271 Apprehendent
857 4198 984 4271 septem
998 4188 1159 4253 mulieres,

247 4322 258 4409 ἒ
272 4324 323 4439 ἕνα
334 4327 454 4375 redeundi
464 4325 484 4374 is
496 4327 617 4390 probably
628 4343 660 4376 an
669 4343 736 4377 error
747 4327 785 4377 for
792 4327 946 4392 prodeundi.

248 4412 258 4422 ·
297 4406 325 4440 or
336 4408 392 4440 nox.

244 4454 255 4486 ³
272 4457 327 4506 The
339 4458 394 4505 MS.
409 4457 498 4506 inserts
512 4457 570 4506 Coll.
582 4456 666 4507 before
678 4458 747 4509 these
763 4458 929 4509 catch-words
941 4456 970 4507 oi
983 4457 1025 4507 the
1041 4456 1133 4518 lesson,
1153 4457 1282 4523 repeating
1300 4458 1318 4507 it
1336 4457 1410 4521 again

215 4524 299 4575 beiore
311 4522 353 4572 the
365 4539 452 4586 prayer
463 4524 533 4572 Deus
543 4525 590 4577 uui
600 4540 650 4574 nos.
