3038 5106
418 338 479 389 XV.
510 338 595 387 ΚΑΙ..
625 336 713 387 Nou.
743 333 830 383 ΝΑΤ.
860 338 887 385 S.
918 336 1029 388 IUSTI.

655 508 792 574 Secreta.

171 620 279 684 Donis
303 620 500 685 caelestibus
527 622 571 684 da
594 640 774 703 quesumus
797 622 932 684 domine
948 620 1050 683 libera
1065 630 1177 682 mente
1192 619 1325 682 seruire.

125 718 160 772 et
176 728 313 771 munera
328 729 413 791 quae
429 709 616 772 deserimus,
633 710 873 772 interueniente
896 708 994 770 beato
1017 707 1222 789 euangelista
1243 706 1326 767 luca.

126 805 160 858 et
177 796 340 859 medelam
358 797 453 859 nobis
469 808 647 878 operentur
662 808 695 858 et
711 797 859 877 gloriam.
876 817 934 878 per
954 795 1128 857 dominum
1145 803 1302 855 nostrum.

638 913 817 993 Praefatio

170 1025 220 1088 (D
238 1034 371 1087 aeterne
387 1025 477 1087 deus.
524 1024 569 1086 Et
586 1035 618 1086 te
632 1025 663 1086 in
677 1036 866 1087 sanctorum
884 1034 1016 1086 tuorum
1034 1023 1158 1085 meritis
1174 1020 1327 1102 gloriosis

126 1111 334 1174 conlaudare.
366 1110 567 1173 benedicere.
599 1120 633 1173 et
672 1113 867 1193 praedicare.
929 1110 995 1192 Qui
1033 1131 1090 1171 eos
1127 1110 1326 1171 dimicantes

125 1208 240 1261 contra
271 1199 398 1279 antiqui
433 1200 595 1279 serpentis
634 1199 909 1261 machinamenta.
948 1208 981 1259 et
1019 1196 1140 1277 proprii
1179 1195 1326 1276 corporis

127 1285 363 1347 blandimenta.
414 1284 664 1366 inexpugnabili
715 1287 836 1348 uirtute
882 1306 940 1346 rex
986 1283 1113 1364 gloriae
1155 1282 1325 1344 roborasti.

127 1372 183 1433 Ex
210 1373 330 1453 quibus
363 1372 453 1435 lucas
490 1373 695 1453 euangelista
726 1384 801 1435 tuus
837 1381 1009 1453 assumpto
1046 1380 1140 1431 scuto
1179 1367 1255 1431 fidei
1292 1378 1327 1430 et

125 1459 222 1541 galea
259 1459 384 1522 salutis.
428 1472 461 1521 et
498 1460 611 1539 gladio
644 1460 778 1541 spiritus
814 1460 927 1520 sancti.
965 1466 999 1519 et
1037 1457 1172 1518 uiriliter
1210 1464 1326 1516 contra

125 1545 296 1627 suitiorum
332 1547 444 1608 hostes
474 1548 645 1628 pugnauit.
684 1557 717 1608 et
755 1546 967 1626 euangelicae
1005 1543 1100 1605 nobis
1138 1542 1193 1623 [lo
1237 1544 1324 1620 156v.

125 1633 310 1696 dulcedinis
337 1633 461 1696 fluenta
486 1635 642 1696 manauit.
689 1634 790 1697 Unde
817 1634 960 1713 petimus
985 1632 1119 1692 domine
1142 1631 1325 1691 inmensam

126 1722 285 1802 pietatem
302 1731 402 1782 tuam.
421 1732 457 1782 ut
472 1722 527 1801 qui
544 1741 620 1782 eum
646 1730 698 1783 tot
725 1721 916 1782 meritorum
940 1719 1071 1780 donasti
1089 1715 1326 1798 praerogatiuis

126 1827 187 1869 nos
209 1808 279 1869 eius
296 1820 329 1870 et
346 1807 503 1869 informes
526 1807 691 1889 exemplis
708 1817 741 1869 et
757 1807 895 1869 adiuues
920 1806 1052 1867 meritis.
1076 1825 1135 1885 per
1157 1803 1324 1864 christum.

574 1925 604 1984 fl
609 1924 636 1985 d
646 1924 872 2004 formandum.

172 2027 307 2088 Praesta
332 2047 511 2108 quesumus
536 2029 748 2108 omnipotens
775 2037 909 2089 aeterne
933 2026 1022 2087 deus.
1050 2034 1087 2086 ut
1111 2024 1144 2086 id
1171 2023 1260 2103 quod
1286 2022 1329 2084 de

127 2122 245 2175 sancto
269 2114 364 2176 altari
396 2126 454 2176 tuo
485 2116 682 2195 accepimus.
708 2115 880 2195 praecibus
912 2114 999 2175 beati
1032 2110 1256 2191 euangelistae
1280 2109 1329 2170 tui

128 2199 220 2262 lucae
236 2200 420 2262 sanctificet
436 2202 565 2263 animas
589 2212 718 2263 nostras
735 2222 793 2282 per
808 2201 897 2282 quod
915 2201 977 2262 tuti
994 2219 1065 2261 esse
1082 2198 1253 2279 possimus.
1272 2215 1330 2277 per

127 2286 300 2349 dominum
317 2300 474 2349 nostrum.

252 2457 388 2519 Eonssr
413 2458 493 2520 Dis.
519 2458 674 2520 Names
699 2458 839 2522 Ssucn
865 2460 969 2521 lusu
996 2457 1206 2518 lllnurrsis.

174 2585 265 2648 Deus
280 2588 336 2667 qui
353 2585 451 2648 beato
468 2587 554 2648 iusto
571 2587 671 2649 talem
688 2586 914 2649 fortitudinem
933 2586 1083 2649 tribuisti.
1096 2596 1131 2647 ut
1148 2585 1181 2646 in
1198 2580 1332 2664 puerili†

127 2674 310 2754 corpusculi
344 2674 499 2735 membris
530 2675 701 2736 inmanum
737 2676 843 2736 uictor
879 2674 1038 2735 existeret
1077 2681 1329 2733 tormentorum.

128 2761 274 2822 concede
298 2762 466 2841 propitius.
483 2771 519 2822 ut
537 2761 638 2841 ipsius
665 2762 944 2823 intercedentibus
967 2760 1098 2822 meritis.
1116 2758 1159 2820 ab
1175 2758 1331 2819 omnibus

129 2866 189 2908 nos
205 2847 359 2909 absoluas
376 2849 527 2928 peccatis.
544 2868 608 2930 per.

684 2965 775 3027 Alia.

174 3067 229 3129 Da
244 3067 422 3129 aecclesiae
440 3077 515 3129 tuae
532 3068 667 3130 domine
679 3088 858 3149 quesumus
871 3078 987 3129 sancto
1003 3068 1088 3128 iusto
1105 3064 1332 3128 intercedente

130 3155 270 3236 superbe
301 3174 367 3216 non
399 3175 520 3235 sapere.
547 3156 604 3217 sed
636 3154 694 3217 tibi
727 3155 849 3235 placita
879 3155 1066 3217 humilitate
1097 3151 1263 3234 proficere.
1294 3160 1328 3212 et

130 3253 285 3323 proterua
309 3242 494 3322 despiciens
524 3261 752 3322 quaecumque
778 3254 906 3305 matura
930 3252 1014 3304 sunt.
1043 3238 1144 3302 libera
1175 3246 1330 3301 exerceat

128 3328 273 3390 caritate.
291 3349 355 3409 per.

663 3448 800 3512 Secreta.

175 3550 268 3613 Sicut
292 3551 426 3613 diuinae
451 3554 622 3633 potentiae
642 3572 778 3614 munera
803 3573 862 3634 pro
879 3551 1000 3612 sanctis
1024 3550 1137 3612 oblata
1158 3556 1332 3611 testantur.

130 3638 178 3701 sic
208 3637 303 3700 nobis
334 3637 489 3701 ellectum
529 3641 672 3701 domine.
704 3650 780 3702 tuae
814 3639 1005 3700 saluationis
1045 3632 1243 3717 impendat.†
1273 3654 1333 3715 per

129 3725 302 3789 dominum
320 3736 478 3788 nostrum.

640 3838 822 3919 Praeferri).

175 3942 225 4005 ff>
243 3951 377 4003 aeterne
393 3943 483 4005 deus.
530 3942 624 4004 Beati
637 3943 711 4004 iusti
724 3942 882 4022 martyrio
894 3940 1080 4023 gloriantes.
1097 3939 1148 4000 cui
1166 3939 1331 4000 admiran-

129 4030 210 4093 dam
237 4029 379 4109 gratiam
405 4030 438 4091 in
466 4041 579 4092 tenero
604 4030 712 4092 adhuc
737 4049 883 4109 corpore.
906 4039 939 4090 et
967 4028 1108 4088 necdum
1133 4026 1216 4087 uirili
1242 4044 1333 4086 more

133 4126 270 4179 maturo
311 4116 465 4179 uirtutem
505 4115 580 4178 fidei
618 4127 651 4178 et
689 4116 869 4198 patientiae
913 4114 1139 4176 fortitudinem
1178 4112 1332 4174 tribuisti¹

132 4202 291 4265 saeuitiae
308 4204 526 4284 persecutoris
543 4223 608 4264 non
625 4203 756 4264 cederet
772 4202 974 4264 conscientia
993 4200 1134 4282 puerilis.
1182 4199 1227 4261 Et
1248 4199 1334 4260 inter

131 4289 252 4353 acerba
274 4288 437 4371 supplicia
453 4310 513 4353 nec
528 4310 626 4351 sensu
644 4290 753 4372 potuit
768 4290 880 4351 terreri
908 4309 967 4350 nec
993 4287 1168 4368 frangifae-
1187 4283 1242 4369 [so.
1264 4298 1332 4365 157.

131 4386 211 4439 tate
235 4386 273 4439 ut
287 4376 462 4459 gloriosior
477 4374 568 4439 lieret
583 4396 705 4439 corona
723 4377 870 4459 martyrii
887 4386 920 4438 et
937 4376 1019 4439 ideo.

395 4500 404 4535 ¹
416 4504 451 4557 Ut
461 4504 551 4555 should
563 4504 686 4569 probably
697 4504 729 4555 be
740 4503 849 4555 inserted
861 4504 926 4553 here.
