<?xml version="1.0" encoding="UTF-8"?>
<!DOCTYPE html PUBLIC "-//W3C//DTD XHTML 1.0 Transitional//EN"
    "http://www.w3.org/TR/xhtml1/DTD/xhtml1-transitional.dtd">
<html xmlns="http://www.w3.org/1999/xhtml" xml:lang="en" lang="en">
 <head>
  <title>
</title>
<meta http-equiv="Content-Type" content="text/html;charset=utf-8" />
  <meta name='ocr-system' content='tesseract 3.04.00' />
  <meta name='ocr-capabilities' content='ocr_page ocr_carea ocr_par ocr_line ocrx_word'/>
</head>
<body>
  <div class='ocr_page' id='page_1' title='image "./missalrobertjum00wilsgoog_0088.png"; bbox 0 0 3038 5106; ppageno 0'>
   <div class='ocr_carea' id='block_1_1' title="bbox 189 366 1012 417">
    <p class='ocr_par' dir='ltr' id='par_1_1' title="bbox 189 366 1012 417">
     <span class='ocr_line' id='line_1_1' title="bbox 189 366 1012 417; baseline -0.002 0"><span class='ocrx_word' id='word_1_1' title='bbox 189 368 206 417; x_wconf 88' lang='grc'>6</span> <span class='ocrx_word' id='word_1_2' title='bbox 562 367 615 417; x_wconf 83' lang='lat' dir='ltr'>NA</span> <span class='ocrx_word' id='word_1_3' title='bbox 621 367 720 416; x_wconf 80' lang='lat' dir='ltr'><em>TALE</em></span> <span class='ocrx_word' id='word_1_4' title='bbox 743 368 770 416; x_wconf 86' lang='lat' dir='ltr'>S.</span> <span class='ocrx_word' id='word_1_5' title='bbox 799 366 1012 416; x_wconf 75' lang='lat' dir='ltr'><em>KOENElMl.</em></span> 
     </span>
    </p>
   </div>
   <div class='ocr_carea' id='block_1_2' title="bbox 185 517 1395 776">
    <p class='ocr_par' dir='ltr' id='par_1_2' title="bbox 185 517 1395 776">
     <span class='ocr_line' id='line_1_2' title="bbox 189 517 1390 602; baseline -0.003 -19"><span class='ocrx_word' id='word_1_6' title='bbox 189 522 337 602; x_wconf 88' lang='lat' dir='ltr'>martyrii</span> <span class='ocrx_word' id='word_1_7' title='bbox 370 540 491 584; x_wconf 91' lang='lat' dir='ltr'>corona</span> <span class='ocrx_word' id='word_1_8' title='bbox 518 521 673 582; x_wconf 87' lang='lat' dir='ltr'>decorare</span> <span class='ocrx_word' id='word_1_9' title='bbox 696 518 839 581; x_wconf 90' lang='lat' dir='ltr'>uoluisti.</span> <span class='ocrx_word' id='word_1_10' title='bbox 864 528 901 581; x_wconf 92' lang='lat' dir='ltr'>ut</span> <span class='ocrx_word' id='word_1_11' title='bbox 924 517 1208 599; x_wconf 89' lang='lat' dir='ltr'>quemadmodum</span> <span class='ocrx_word' id='word_1_12' title='bbox 1232 518 1390 581; x_wconf 89' lang='lat' dir='ltr'>deuotam</span> 
     </span>
     <span class='ocr_line' id='line_1_3' title="bbox 189 605 1395 690; baseline -0.002 -21"><span class='ocrx_word' id='word_1_13' title='bbox 189 609 334 690; x_wconf 91' lang='lat' dir='ltr'>ipsorum</span> <span class='ocrx_word' id='word_1_14' title='bbox 361 607 522 689; x_wconf 83' lang='lat' dir='ltr'>passionis</span> <span class='ocrx_word' id='word_1_15' title='bbox 546 608 675 687; x_wconf 84' lang='lat' dir='ltr'>agimus</span> <span class='ocrx_word' id='word_1_16' title='bbox 699 606 906 668; x_wconf 89' lang='lat' dir='ltr'>memoriam.</span> <span class='ocrx_word' id='word_1_17' title='bbox 926 626 1039 668; x_wconf 89' lang='lat' dir='ltr'>eorum</span> <span class='ocrx_word' id='word_1_18' title='bbox 1065 605 1219 667; x_wconf 90' lang='lat' dir='ltr'>sublimia</span> <span class='ocrx_word' id='word_1_19' title='bbox 1243 605 1331 687; x_wconf 88' lang='lat' dir='ltr'>apud</span> <span class='ocrx_word' id='word_1_20' title='bbox 1357 614 1395 666; x_wconf 89' lang='lat' dir='ltr'>te</span> 
     </span>
     <span class='ocr_line' id='line_1_4' title="bbox 185 695 653 776; baseline 0.002 -20"><span class='ocrx_word' id='word_1_21' title='bbox 185 696 366 757; x_wconf 81' lang='lat' dir='ltr'>sentiamus</span> <span class='ocrx_word' id='word_1_22' title='bbox 382 695 571 776; x_wconf 92' lang='lat' dir='ltr'>patrocinia.</span> <span class='ocrx_word' id='word_1_23' title='bbox 588 713 653 775; x_wconf 89' lang='lat' dir='ltr'>per.</span> 
     </span>
    </p>
   </div>
   <div class='ocr_carea' id='block_1_3' title="bbox 723 798 860 859">
    <p class='ocr_par' dir='ltr' id='par_1_3' title="bbox 723 798 860 859">
     <span class='ocr_line' id='line_1_5' title="bbox 723 798 860 859; baseline 0 0"><span class='ocrx_word' id='word_1_24' title='bbox 723 798 860 859; x_wconf 78' lang='lat' dir='ltr'>Secreta.</span> 
     </span>
    </p>
   </div>
   <div class='ocr_carea' id='block_1_4' title="bbox 186 908 1394 1424">
    <p class='ocr_par' dir='ltr' id='par_1_4' title="bbox 186 908 1394 1339">
     <span class='ocr_line' id='line_1_6' title="bbox 232 908 1391 991; baseline -0.003 -18"><span class='ocrx_word' id='word_1_25' title='bbox 232 911 326 973; x_wconf 88' lang='lat' dir='ltr'>Haec</span> <span class='ocrx_word' id='word_1_26' title='bbox 342 910 451 973; x_wconf 89' lang='lat' dir='ltr'>hostia</span> <span class='ocrx_word' id='word_1_27' title='bbox 467 910 619 972; x_wconf 89' lang='lat' dir='ltr'>salutaris</span> <span class='ocrx_word' id='word_1_28' title='bbox 632 929 811 991; x_wconf 88' lang='lat' dir='ltr'>quesumus</span> <span class='ocrx_word' id='word_1_29' title='bbox 827 909 962 971; x_wconf 87' lang='lat' dir='ltr'>domine</span> <span class='ocrx_word' id='word_1_30' title='bbox 977 929 1077 991; x_wconf 94' lang='lat' dir='ltr'>quam</span> <span class='ocrx_word' id='word_1_31' title='bbox 1102 910 1135 972; x_wconf 93' lang='lat' dir='ltr'>in</span> <span class='ocrx_word' id='word_1_32' title='bbox 1158 910 1264 972; x_wconf 91' lang='lat' dir='ltr'>sancti</span> <span class='ocrx_word' id='word_1_33' title='bbox 1280 908 1391 971; x_wconf 90' lang='lat' dir='ltr'>albani</span> 
     </span>
     <span class='ocr_line' id='line_1_7' title="bbox 187 997 1394 1079; baseline -0.002 -18"><span class='ocrx_word' id='word_1_34' title='bbox 187 998 340 1079; x_wconf 92' lang='lat' dir='ltr'>martyris</span> <span class='ocrx_word' id='word_1_35' title='bbox 367 998 414 1059; x_wconf 92' lang='lat' dir='ltr'>tui</span> <span class='ocrx_word' id='word_1_36' title='bbox 431 998 661 1078; x_wconf 91' lang='lat' dir='ltr'>sociorumque</span> <span class='ocrx_word' id='word_1_37' title='bbox 677 998 748 1058; x_wconf 89' lang='lat' dir='ltr'>eius</span> <span class='ocrx_word' id='word_1_38' title='bbox 764 1016 1012 1078; x_wconf 91' lang='lat' dir='ltr'>compassorum</span> <span class='ocrx_word' id='word_1_39' title='bbox 1032 997 1222 1059; x_wconf 89' lang='lat' dir='ltr'>ueneranda</span> <span class='ocrx_word' id='word_1_40' title='bbox 1246 1016 1394 1059; x_wconf 92' lang='lat' dir='ltr'>comme·</span> 
     </span>
     <span class='ocr_line' id='line_1_8' title="bbox 188 1082 1392 1164; baseline -0.002 -17"><span class='ocrx_word' id='word_1_41' title='bbox 188 1086 372 1147; x_wconf 90' lang='lat' dir='ltr'>moratione</span> <span class='ocrx_word' id='word_1_42' title='bbox 409 1094 487 1146; x_wconf 91' lang='lat' dir='ltr'>tuae</span> <span class='ocrx_word' id='word_1_43' title='bbox 521 1084 686 1145; x_wconf 87' lang='lat' dir='ltr'>maiestati</span> <span class='ocrx_word' id='word_1_44' title='bbox 724 1083 917 1164; x_wconf 85' lang='lat' dir='ltr'>suppliciter</span> <span class='ocrx_word' id='word_1_45' title='bbox 953 1083 1130 1147; x_wconf 79' lang='lat' dir='ltr'>offerimus.</span> <span class='ocrx_word' id='word_1_46' title='bbox 1161 1094 1194 1146; x_wconf 90' lang='lat' dir='ltr'>et</span> <span class='ocrx_word' id='word_1_47' title='bbox 1232 1082 1392 1164; x_wconf 83' lang='lat' dir='ltr'>ligamina</span> 
     </span>
     <span class='ocr_line' id='line_1_9' title="bbox 187 1169 1392 1253; baseline -0.002 -20"><span class='ocrx_word' id='word_1_48' title='bbox 187 1180 318 1234; x_wconf 89' lang='lat' dir='ltr'>nostrae</span> <span class='ocrx_word' id='word_1_49' title='bbox 334 1172 508 1253; x_wconf 91' lang='lat' dir='ltr'>prauitatis</span> <span class='ocrx_word' id='word_1_50' title='bbox 524 1169 677 1233; x_wconf 91' lang='lat' dir='ltr'>absoluat</span> <span class='ocrx_word' id='word_1_51' title='bbox 693 1179 726 1232; x_wconf 91' lang='lat' dir='ltr'>et</span> <span class='ocrx_word' id='word_1_52' title='bbox 742 1180 819 1233; x_wconf 91' lang='lat' dir='ltr'>tuae</span> <span class='ocrx_word' id='word_1_53' title='bbox 836 1170 932 1232; x_wconf 92' lang='lat' dir='ltr'>nobis</span> <span class='ocrx_word' id='word_1_54' title='bbox 948 1170 1191 1233; x_wconf 87' lang='lat' dir='ltr'>misericordiae</span> <span class='ocrx_word' id='word_1_55' title='bbox 1210 1169 1392 1233; x_wconf 84' lang='lat' dir='ltr'>karismata</span> 
     </span>
     <span class='ocr_line' id='line_1_10' title="bbox 186 1258 399 1339; baseline -0.014 -18"><span class='ocrx_word' id='word_1_56' title='bbox 186 1258 317 1321; x_wconf 80' lang='lat' dir='ltr'>tribuat</span> <span class='ocrx_word' id='word_1_57' title='bbox 333 1278 399 1339; x_wconf 92' lang='lat' dir='ltr'>per.</span> 
     </span>
    </p>

    <p class='ocr_par' dir='ltr' id='par_1_5' title="bbox 695 1344 876 1424">
     <span class='ocr_line' id='line_1_11' title="bbox 695 1344 876 1424; baseline 0.006 -18"><span class='ocrx_word' id='word_1_58' title='bbox 695 1344 876 1424; x_wconf 82' lang='lat' dir='ltr'>Praefatio.</span> 
     </span>
    </p>
   </div>
   <div class='ocr_carea' id='block_1_5' title="bbox 185 1454 1392 2233">
    <p class='ocr_par' dir='ltr' id='par_1_6' title="bbox 185 1454 1392 2233">
     <span class='ocr_line' id='line_1_12' title="bbox 231 1454 1392 1538; baseline -0.003 -19"><span class='ocrx_word' id='word_1_59' title='bbox 231 1456 281 1519; x_wconf 75' lang='lat' dir='ltr'>(D</span> <span class='ocrx_word' id='word_1_60' title='bbox 297 1465 431 1518; x_wconf 88' lang='lat' dir='ltr'>aeterne</span> <span class='ocrx_word' id='word_1_61' title='bbox 443 1456 533 1518; x_wconf 80' lang='lat' dir='ltr'>deus</span> <span class='ocrx_word' id='word_1_62' title='bbox 565 1454 667 1537; x_wconf 87' lang='lat' dir='ltr'>Apud</span> <span class='ocrx_word' id='word_1_63' title='bbox 685 1476 785 1538; x_wconf 90' lang='lat' dir='ltr'>quem</span> <span class='ocrx_word' id='word_1_64' title='bbox 802 1476 934 1538; x_wconf 88' lang='lat' dir='ltr'>semper</span> <span class='ocrx_word' id='word_1_65' title='bbox 948 1465 999 1518; x_wconf 92' lang='lat' dir='ltr'>est</span> <span class='ocrx_word' id='word_1_66' title='bbox 1011 1476 1166 1537; x_wconf 86' lang='lat' dir='ltr'>praesens</span> <span class='ocrx_word' id='word_1_67' title='bbox 1178 1465 1211 1517; x_wconf 92' lang='lat' dir='ltr'>et</span> <span class='ocrx_word' id='word_1_68' title='bbox 1223 1455 1392 1537; x_wconf 90' lang='lat' dir='ltr'>praeclara</span> 
     </span>
     <span class='ocr_line' id='line_1_13' title="bbox 186 1542 1392 1624; baseline 0 -21"><span class='ocrx_word' id='word_1_69' title='bbox 186 1552 376 1605; x_wconf 91' lang='lat' dir='ltr'>sanctorum</span> <span class='ocrx_word' id='word_1_70' title='bbox 401 1543 551 1605; x_wconf 92' lang='lat' dir='ltr'>omnium</span> <span class='ocrx_word' id='word_1_71' title='bbox 579 1543 656 1605; x_wconf 91' lang='lat' dir='ltr'>uita.</span> <span class='ocrx_word' id='word_1_72' title='bbox 679 1562 821 1624; x_wconf 92' lang='lat' dir='ltr'>quorum</span> <span class='ocrx_word' id='word_1_73' title='bbox 849 1563 909 1605; x_wconf 90' lang='lat' dir='ltr'>nos</span> <span class='ocrx_word' id='word_1_74' title='bbox 935 1563 1023 1605; x_wconf 91' lang='lat' dir='ltr'>mors</span> <span class='ocrx_word' id='word_1_75' title='bbox 1050 1543 1222 1623; x_wconf 87' lang='lat' dir='ltr'>praetiosa.</span> <span class='ocrx_word' id='word_1_76' title='bbox 1246 1551 1279 1604; x_wconf 92' lang='lat' dir='ltr'>et</span> <span class='ocrx_word' id='word_1_77' title='bbox 1303 1542 1392 1604; x_wconf 88' lang='lat' dir='ltr'>alme</span> 
     </span>
     <span class='ocr_line' id='line_1_14' title="bbox 187 1626 1392 1701; baseline 0 -10"><span class='ocrx_word' id='word_1_78' title='bbox 187 1629 403 1691; x_wconf 89' lang='lat' dir='ltr'>beatitudinis</span> <span class='ocrx_word' id='word_1_79' title='bbox 419 1630 518 1691; x_wconf 90' lang='lat' dir='ltr'>ianua</span> <span class='ocrx_word' id='word_1_80' title='bbox 533 1628 697 1692; x_wconf 87' lang='lat' dir='ltr'>laetificat.</span> <span class='ocrx_word' id='word_1_81' title='bbox 710 1639 744 1691; x_wconf 90' lang='lat' dir='ltr'>et</span> <span class='ocrx_word' id='word_1_82' title='bbox 760 1650 780 1691; x_wconf 95' lang='lat' dir='ltr'>a</span> <span class='ocrx_word' id='word_1_83' title='bbox 791 1631 919 1692; x_wconf 90' lang='lat' dir='ltr'>cunctis</span> <span class='ocrx_word' id='word_1_84' title='bbox 935 1628 1191 1692; x_wconf 86' lang='lat' dir='ltr'>aduersitatibus</span> <span class='ocrx_word' id='word_1_85' title='bbox 1206 1626 1392 1701; x_wconf 78' lang='lat' dir='ltr'>defendat.†</span> 
     </span>
     <span class='ocr_line' id='line_1_15' title="bbox 187 1715 1389 1798; baseline -0.002 -19"><span class='ocrx_word' id='word_1_86' title='bbox 187 1726 389 1798; x_wconf 90' lang='lat' dir='ltr'>quapropter</span> <span class='ocrx_word' id='word_1_87' title='bbox 405 1715 579 1778; x_wconf 90' lang='lat' dir='ltr'>laudabilis</span> <span class='ocrx_word' id='word_1_88' title='bbox 603 1736 638 1778; x_wconf 94' lang='lat' dir='ltr'>es</span> <span class='ocrx_word' id='word_1_89' title='bbox 654 1717 686 1778; x_wconf 95' lang='lat' dir='ltr'>in</span> <span class='ocrx_word' id='word_1_90' title='bbox 704 1726 836 1778; x_wconf 91' lang='lat' dir='ltr'>tuorum</span> <span class='ocrx_word' id='word_1_91' title='bbox 860 1717 1177 1779; x_wconf 87' lang='lat' dir='ltr'>commemoratione</span> <span class='ocrx_word' id='word_1_92' title='bbox 1200 1725 1389 1778; x_wconf 91' lang='lat' dir='ltr'>sanctorum</span> 
     </span>
     <span class='ocr_line' id='line_1_16' title="bbox 186 1801 1389 1885; baseline -0.001 -20"><span class='ocrx_word' id='word_1_93' title='bbox 186 1814 219 1866; x_wconf 95' lang='lat' dir='ltr'>et</span> <span class='ocrx_word' id='word_1_94' title='bbox 236 1804 268 1865; x_wconf 92' lang='lat' dir='ltr'>in</span> <span class='ocrx_word' id='word_1_95' title='bbox 286 1823 407 1884; x_wconf 86' lang='lat' dir='ltr'>magne</span> <span class='ocrx_word' id='word_1_96' title='bbox 423 1801 500 1866; x_wconf 90' lang='lat' dir='ltr'>fidei</span> <span class='ocrx_word' id='word_1_97' title='bbox 516 1801 646 1866; x_wconf 86' lang='lat' dir='ltr'>aflectu.</span> <span class='ocrx_word' id='word_1_98' title='bbox 661 1813 695 1866; x_wconf 90' lang='lat' dir='ltr'>et</span> <span class='ocrx_word' id='word_1_99' title='bbox 711 1804 744 1864; x_wconf 93' lang='lat' dir='ltr'>in</span> <span class='ocrx_word' id='word_1_100' title='bbox 761 1802 950 1866; x_wconf 88' lang='lat' dir='ltr'>tollerantia</span> <span class='ocrx_word' id='word_1_101' title='bbox 963 1805 1162 1885; x_wconf 91' lang='lat' dir='ltr'>passionum.</span> <span class='ocrx_word' id='word_1_102' title='bbox 1173 1823 1238 1885; x_wconf 90' lang='lat' dir='ltr'>qua</span> <span class='ocrx_word' id='word_1_103' title='bbox 1254 1802 1389 1865; x_wconf 91' lang='lat' dir='ltr'>beatum</span> 
     </span>
     <span class='ocr_line' id='line_1_17' title="bbox 186 1889 1392 1972; baseline -0.002 -20"><span class='ocrx_word' id='word_1_104' title='bbox 186 1889 344 1952; x_wconf 91' lang='lat' dir='ltr'>albanum</span> <span class='ocrx_word' id='word_1_105' title='bbox 374 1890 548 1971; x_wconf 91' lang='lat' dir='ltr'>sociosque</span> <span class='ocrx_word' id='word_1_106' title='bbox 578 1890 649 1951; x_wconf 88' lang='lat' dir='ltr'>eius</span> <span class='ocrx_word' id='word_1_107' title='bbox 679 1910 778 1952; x_wconf 93' lang='lat' dir='ltr'>omne</span> <span class='ocrx_word' id='word_1_108' title='bbox 805 1890 932 1972; x_wconf 91' lang='lat' dir='ltr'>antiqui</span> <span class='ocrx_word' id='word_1_109' title='bbox 964 1890 1069 1953; x_wconf 88' lang='lat' dir='ltr'>hostis</span> <span class='ocrx_word' id='word_1_110' title='bbox 1099 1910 1254 1970; x_wconf 91' lang='lat' dir='ltr'>superare</span> <span class='ocrx_word' id='word_1_111' title='bbox 1285 1889 1392 1951; x_wconf 83' lang='lat' dir='ltr'>iecisti</span> 
     </span>
     <span class='ocr_line' id='line_1_18' title="bbox 187 1975 1390 2061; baseline -0.001 -22"><span class='ocrx_word' id='word_1_112' title='bbox 187 1976 501 2039; x_wconf 89' lang='lat' dir='ltr'>machinamentum.</span> <span class='ocrx_word' id='word_1_113' title='bbox 518 1996 585 2058; x_wconf 93' lang='lat' dir='ltr'>quo</span> <span class='ocrx_word' id='word_1_114' title='bbox 611 1975 654 2039; x_wconf 89' lang='lat' dir='ltr'>ad</span> <span class='ocrx_word' id='word_1_115' title='bbox 679 1976 876 2058; x_wconf 89' lang='lat' dir='ltr'>capiendam</span> <span class='ocrx_word' id='word_1_116' title='bbox 901 1978 1026 2058; x_wconf 83' lang='lat' dir='ltr'>egregii</span> <span class='ocrx_word' id='word_1_117' title='bbox 1054 1976 1218 2061; x_wconf 65' lang='lat' dir='ltr'>[martyrii</span> <span class='ocrx_word' id='word_1_118' title='bbox 1243 1975 1298 2058; x_wconf 82' lang='lat' dir='ltr'>[le.</span> <span class='ocrx_word' id='word_1_119' title='bbox 1317 1993 1343 2055; x_wconf 85' lang='lat'>3.</span> <span class='ocrx_word' id='word_1_120' title='bbox 1360 1997 1390 2038; x_wconf 93' lang='lat' dir='ltr'>v.</span> 
     </span>
     <span class='ocr_line' id='line_1_19' title="bbox 187 2061 1392 2146; baseline -0.002 -20"><span class='ocrx_word' id='word_1_121' title='bbox 187 2063 428 2126; x_wconf 89' lang='lat' dir='ltr'>beatitudinem</span> <span class='ocrx_word' id='word_1_122' title='bbox 445 2083 520 2125; x_wconf 94' lang='lat' dir='ltr'>cum</span> <span class='ocrx_word' id='word_1_123' title='bbox 537 2064 688 2145; x_wconf 89' lang='lat' dir='ltr'>supernis</span> <span class='ocrx_word' id='word_1_124' title='bbox 704 2063 832 2126; x_wconf 93' lang='lat' dir='ltr'>ciuibus</span> <span class='ocrx_word' id='word_1_125' title='bbox 855 2063 954 2126; x_wconf 90' lang='lat' dir='ltr'>nullis</span> <span class='ocrx_word' id='word_1_126' title='bbox 979 2064 1131 2146; x_wconf 90' lang='lat' dir='ltr'>impediti</span> <span class='ocrx_word' id='word_1_127' title='bbox 1154 2061 1335 2136; x_wconf 90' lang='lat' dir='ltr'>retiaculis†</span> <span class='ocrx_word' id='word_1_128' title='bbox 1358 2071 1392 2125; x_wconf 92' lang='lat' dir='ltr'>te</span> 
     </span>
     <span class='ocr_line' id='line_1_20' title="bbox 185 2150 928 2233; baseline 0 -21"><span class='ocrx_word' id='word_1_129' title='bbox 185 2150 388 2231; x_wconf 84' lang='lat' dir='ltr'>suffragante</span> <span class='ocrx_word' id='word_1_130' title='bbox 404 2150 575 2233; x_wconf 91' lang='lat' dir='ltr'>peruenire</span> <span class='ocrx_word' id='word_1_131' title='bbox 591 2159 778 2231; x_wconf 89' lang='lat' dir='ltr'>potuerunt.</span> <span class='ocrx_word' id='word_1_132' title='bbox 794 2159 828 2213; x_wconf 90' lang='lat' dir='ltr'>et</span> <span class='ocrx_word' id='word_1_133' title='bbox 844 2150 928 2214; x_wconf 93' lang='lat' dir='ltr'>ideo.</span> 
     </span>
    </p>
   </div>
   <div class='ocr_carea' id='block_1_6' title="bbox 637 2273 935 2355">
    <p class='ocr_par' dir='ltr' id='par_1_7' title="bbox 637 2273 935 2355">
     <span class='ocr_line' id='line_1_21' title="bbox 637 2273 935 2355; baseline 0.007 -19"><span class='ocrx_word' id='word_1_134' title='bbox 637 2273 700 2336; x_wconf 86' lang='lat' dir='ltr'>Ad</span> <span class='ocrx_word' id='word_1_135' title='bbox 710 2273 935 2355; x_wconf 81' lang='lat' dir='ltr'>complendum.</span> 
     </span>
    </p>
   </div>
   <div class='ocr_carea' id='block_1_7' title="bbox 185 2386 1393 2713">
    <p class='ocr_par' dir='ltr' id='par_1_8' title="bbox 185 2386 1393 2713">
     <span class='ocr_line' id='line_1_22' title="bbox 230 2386 1390 2469; baseline -0.002 -19"><span class='ocrx_word' id='word_1_136' title='bbox 230 2386 421 2469; x_wconf 86' lang='lat' dir='ltr'>Quesumus</span> <span class='ocrx_word' id='word_1_137' title='bbox 437 2387 649 2468; x_wconf 86' lang='lat' dir='ltr'>omnipotens</span> <span class='ocrx_word' id='word_1_138' title='bbox 665 2397 698 2450; x_wconf 90' lang='lat' dir='ltr'>et</span> <span class='ocrx_word' id='word_1_139' title='bbox 715 2387 899 2450; x_wconf 91' lang='lat' dir='ltr'>misericors</span> <span class='ocrx_word' id='word_1_140' title='bbox 909 2387 992 2449; x_wconf 91' lang='lat' dir='ltr'>deus</span> <span class='ocrx_word' id='word_1_141' title='bbox 1008 2396 1045 2449; x_wconf 91' lang='lat' dir='ltr'>ut</span> <span class='ocrx_word' id='word_1_142' title='bbox 1060 2407 1143 2469; x_wconf 92' lang='lat' dir='ltr'>quos</span> <span class='ocrx_word' id='word_1_143' title='bbox 1154 2387 1187 2448; x_wconf 92' lang='lat' dir='ltr'>in</span> <span class='ocrx_word' id='word_1_144' title='bbox 1200 2395 1390 2449; x_wconf 90' lang='lat' dir='ltr'>sanctorum</span> 
     </span>
     <span class='ocr_line' id='line_1_23' title="bbox 186 2474 1392 2555; baseline -0.002 -17"><span class='ocrx_word' id='word_1_145' title='bbox 186 2487 318 2538; x_wconf 92' lang='lat' dir='ltr'>tuorum</span> <span class='ocrx_word' id='word_1_146' title='bbox 335 2475 525 2537; x_wconf 89' lang='lat' dir='ltr'>ueneranda</span> <span class='ocrx_word' id='word_1_147' title='bbox 542 2476 703 2536; x_wconf 93' lang='lat' dir='ltr'>memoria</span> <span class='ocrx_word' id='word_1_148' title='bbox 719 2475 761 2536; x_wconf 92' lang='lat' dir='ltr'>de</span> <span class='ocrx_word' id='word_1_149' title='bbox 778 2476 844 2537; x_wconf 91' lang='lat' dir='ltr'>tuis</span> <span class='ocrx_word' id='word_1_150' title='bbox 860 2475 961 2536; x_wconf 90' lang='lat' dir='ltr'>sacris</span> <span class='ocrx_word' id='word_1_151' title='bbox 977 2474 1075 2537; x_wconf 86' lang='lat' dir='ltr'>donis</span> <span class='ocrx_word' id='word_1_152' title='bbox 1091 2475 1219 2537; x_wconf 86' lang='lat' dir='ltr'>satiasti</span> <span class='ocrx_word' id='word_1_153' title='bbox 1236 2493 1295 2555; x_wconf 88' lang='lat' dir='ltr'>per</span> <span class='ocrx_word' id='word_1_154' title='bbox 1309 2474 1392 2536; x_wconf 90' lang='lat' dir='ltr'>haec</span> 
     </span>
     <span class='ocr_line' id='line_1_24' title="bbox 187 2561 1393 2643; baseline -0.002 -19"><span class='ocrx_word' id='word_1_155' title='bbox 187 2561 428 2643; x_wconf 87' lang='lat' dir='ltr'>indulgentiam</span> <span class='ocrx_word' id='word_1_156' title='bbox 453 2581 514 2623; x_wconf 92' lang='lat' dir='ltr'>nos</span> <span class='ocrx_word' id='word_1_157' title='bbox 545 2570 622 2623; x_wconf 92' lang='lat' dir='ltr'>tuae</span> <span class='ocrx_word' id='word_1_158' title='bbox 652 2561 897 2643; x_wconf 91' lang='lat' dir='ltr'>propitiationis</span> <span class='ocrx_word' id='word_1_159' title='bbox 928 2561 1086 2643; x_wconf 91' lang='lat' dir='ltr'>consequi</span> <span class='ocrx_word' id='word_1_160' title='bbox 1117 2580 1309 2624; x_wconf 92' lang='lat' dir='ltr'>mereamur.</span> <span class='ocrx_word' id='word_1_161' title='bbox 1333 2580 1393 2642; x_wconf 93' lang='lat' dir='ltr'>per</span> 
     </span>
     <span class='ocr_line' id='line_1_25' title="bbox 185 2650 367 2713; baseline -0.016 0"><span class='ocrx_word' id='word_1_162' title='bbox 185 2650 367 2713; x_wconf 91' lang='lat' dir='ltr'>dominum.</span> 
     </span>
    </p>
   </div>
   <div class='ocr_carea' id='block_1_8' title="bbox 350 2808 1252 2875">
    <p class='ocr_par' dir='ltr' id='par_1_9' title="bbox 350 2808 1252 2875">
     <span class='ocr_line' id='line_1_26' title="bbox 350 2808 1252 2875; baseline 0.001 -3"><span class='ocrx_word' id='word_1_163' title='bbox 350 2824 425 2873; x_wconf 69' lang='lat' dir='ltr'>xva</span> <span class='ocrx_word' id='word_1_164' title='bbox 449 2809 541 2872; x_wconf 71' lang='lat' dir='ltr'>Kar.</span> <span class='ocrx_word' id='word_1_165' title='bbox 566 2808 660 2872; x_wconf 81' lang='lat' dir='ltr'>Aue.</span> <span class='ocrx_word' id='word_1_166' title='bbox 686 2809 843 2874; x_wconf 66' lang='lat' dir='ltr'>Narnia</span> <span class='ocrx_word' id='word_1_167' title='bbox 868 2810 1010 2875; x_wconf 71' lang='lat' dir='ltr'>Saucm</span> <span class='ocrx_word' id='word_1_168' title='bbox 1036 2810 1252 2873; x_wconf 74' lang='lat' dir='ltr'>Kouuaum.</span> 
     </span>
    </p>
   </div>
   <div class='ocr_carea' id='block_1_9' title="bbox 186 2936 1395 3472">
    <p class='ocr_par' dir='ltr' id='par_1_10' title="bbox 186 2936 1395 3369">
     <span class='ocr_line' id='line_1_27' title="bbox 232 2936 1393 3021; baseline -0.001 -20"><span class='ocrx_word' id='word_1_169' title='bbox 232 2936 457 3021; x_wconf 92' lang='lat' dir='ltr'>Omnipotens</span> <span class='ocrx_word' id='word_1_170' title='bbox 467 2948 500 3001; x_wconf 91' lang='lat' dir='ltr'>et</span> <span class='ocrx_word' id='word_1_171' title='bbox 516 2938 700 3000; x_wconf 91' lang='lat' dir='ltr'>misericors</span> <span class='ocrx_word' id='word_1_172' title='bbox 715 2938 797 3001; x_wconf 91' lang='lat' dir='ltr'>deus</span> <span class='ocrx_word' id='word_1_173' title='bbox 813 2940 869 3020; x_wconf 92' lang='lat' dir='ltr'>qui</span> <span class='ocrx_word' id='word_1_174' title='bbox 886 2939 981 3001; x_wconf 92' lang='lat' dir='ltr'>nobis</span> <span class='ocrx_word' id='word_1_175' title='bbox 993 2939 1197 3021; x_wconf 88' lang='lat' dir='ltr'>praeclaram</span> <span class='ocrx_word' id='word_1_176' title='bbox 1213 2939 1310 3001; x_wconf 93' lang='lat' dir='ltr'>huius</span> <span class='ocrx_word' id='word_1_177' title='bbox 1326 2939 1393 3002; x_wconf 92' lang='lat' dir='ltr'>diei</span> 
     </span>
     <span class='ocr_line' id='line_1_28' title="bbox 189 3024 1392 3108; baseline 0 -20"><span class='ocrx_word' id='word_1_178' title='bbox 189 3026 349 3089; x_wconf 88' lang='lat' dir='ltr'>laetitiam</span> <span class='ocrx_word' id='word_1_179' title='bbox 367 3045 427 3107; x_wconf 91' lang='lat' dir='ltr'>pro</span> <span class='ocrx_word' id='word_1_180' title='bbox 444 3024 531 3087; x_wconf 86' lang='lat' dir='ltr'>beati</span> <span class='ocrx_word' id='word_1_181' title='bbox 548 3024 714 3087; x_wconf 88' lang='lat' dir='ltr'>koenelmi</span> <span class='ocrx_word' id='word_1_182' title='bbox 731 3025 884 3107; x_wconf 91' lang='lat' dir='ltr'>martyris</span> <span class='ocrx_word' id='word_1_183' title='bbox 901 3027 949 3090; x_wconf 92' lang='lat' dir='ltr'>tui</span> <span class='ocrx_word' id='word_1_184' title='bbox 971 3026 1217 3108; x_wconf 91' lang='lat' dir='ltr'>sollempnitate</span> <span class='ocrx_word' id='word_1_185' title='bbox 1241 3026 1392 3089; x_wconf 90' lang='lat' dir='ltr'>tribuisti.</span> 
     </span>
     <span class='ocr_line' id='line_1_29' title="bbox 188 3111 1392 3195; baseline 0.002 -21"><span class='ocrx_word' id='word_1_186' title='bbox 188 3112 323 3175; x_wconf 86' lang='lat' dir='ltr'>intende</span> <span class='ocrx_word' id='word_1_187' title='bbox 346 3132 480 3175; x_wconf 92' lang='lat' dir='ltr'>serenus</span> <span class='ocrx_word' id='word_1_188' title='bbox 507 3122 586 3174; x_wconf 87' lang='lat' dir='ltr'>uota</span> <span class='ocrx_word' id='word_1_189' title='bbox 616 3111 721 3175; x_wconf 89' lang='lat' dir='ltr'>fidelis</span> <span class='ocrx_word' id='word_1_190' title='bbox 746 3114 860 3195; x_wconf 92' lang='lat' dir='ltr'>populi</span> <span class='ocrx_word' id='word_1_191' title='bbox 886 3122 919 3176; x_wconf 92' lang='lat' dir='ltr'>et</span> <span class='ocrx_word' id='word_1_192' title='bbox 944 3113 1088 3176; x_wconf 90' lang='lat' dir='ltr'>concede</span> <span class='ocrx_word' id='word_1_193' title='bbox 1113 3123 1149 3175; x_wconf 93' lang='lat' dir='ltr'>ut</span> <span class='ocrx_word' id='word_1_194' title='bbox 1174 3114 1267 3175; x_wconf 91' lang='lat' dir='ltr'>cuius</span> <span class='ocrx_word' id='word_1_195' title='bbox 1292 3112 1392 3176; x_wconf 91' lang='lat' dir='ltr'>hodie</span> 
     </span>
     <span class='ocr_line' id='line_1_30' title="bbox 188 3197 1395 3282; baseline 0.003 -22"><span class='ocrx_word' id='word_1_196' title='bbox 188 3198 273 3263; x_wconf 90' lang='lat' dir='ltr'>sesta</span> <span class='ocrx_word' id='word_1_197' title='bbox 296 3197 502 3281; x_wconf 90' lang='lat' dir='ltr'>percolimus.</span> <span class='ocrx_word' id='word_1_198' title='bbox 525 3199 595 3261; x_wconf 91' lang='lat' dir='ltr'>eius</span> <span class='ocrx_word' id='word_1_199' title='bbox 618 3218 750 3281; x_wconf 92' lang='lat' dir='ltr'>semper</span> <span class='ocrx_word' id='word_1_200' title='bbox 773 3200 898 3263; x_wconf 87' lang='lat' dir='ltr'>meritis</span> <span class='ocrx_word' id='word_1_201' title='bbox 920 3210 954 3263; x_wconf 88' lang='lat' dir='ltr'>et</span> <span class='ocrx_word' id='word_1_202' title='bbox 977 3198 1149 3282; x_wconf 91' lang='lat' dir='ltr'>praecibus</span> <span class='ocrx_word' id='word_1_203' title='bbox 1172 3200 1395 3264; x_wconf 91' lang='lat' dir='ltr'>subleuemur.</span> 
     </span>
     <span class='ocr_line' id='line_1_31' title="bbox 186 3306 253 3369; baseline 0.015 -21"><span class='ocrx_word' id='word_1_204' title='bbox 186 3306 253 3369; x_wconf 81' lang='lat' dir='ltr'>per.</span> 
     </span>
    </p>

    <p class='ocr_par' dir='ltr' id='par_1_11' title="bbox 702 3385 870 3472">
     <span class='ocr_line' id='line_1_32' title="bbox 702 3385 870 3472; baseline -0.006 -21"><span class='ocrx_word' id='word_1_205' title='bbox 702 3385 870 3472; x_wconf 68' lang='lat' dir='ltr'>[Secreta]</span> 
     </span>
    </p>
   </div>
   <div class='ocr_carea' id='block_1_10' title="bbox 189 3491 1394 3836">
    <p class='ocr_par' dir='ltr' id='par_1_12' title="bbox 189 3491 1394 3836">
     <span class='ocr_line' id='line_1_33' title="bbox 234 3491 1393 3575; baseline 0 -21"><span class='ocrx_word' id='word_1_206' title='bbox 234 3491 466 3556; x_wconf 90' lang='lat' dir='ltr'>Praesentibus</span> <span class='ocrx_word' id='word_1_207' title='bbox 493 3492 629 3555; x_wconf 91' lang='lat' dir='ltr'>domine</span> <span class='ocrx_word' id='word_1_208' title='bbox 653 3511 834 3573; x_wconf 88' lang='lat' dir='ltr'>quesumus</span> <span class='ocrx_word' id='word_1_209' title='bbox 864 3492 1000 3556; x_wconf 91' lang='lat' dir='ltr'>intende</span> <span class='ocrx_word' id='word_1_210' title='bbox 1031 3492 1229 3557; x_wconf 90' lang='lat' dir='ltr'>muneribus.</span> <span class='ocrx_word' id='word_1_211' title='bbox 1256 3504 1289 3557; x_wconf 89' lang='lat' dir='ltr'>et</span> <span class='ocrx_word' id='word_1_212' title='bbox 1320 3504 1393 3575; x_wconf 92' lang='lat' dir='ltr'>pat-</span> 
     </span>
     <span class='ocr_line' id='line_1_34' title="bbox 189 3578 1394 3662; baseline -0.001 -20"><span class='ocrx_word' id='word_1_213' title='bbox 189 3580 359 3642; x_wconf 92' lang='lat' dir='ltr'>rocinante</span> <span class='ocrx_word' id='word_1_214' title='bbox 404 3578 504 3641; x_wconf 89' lang='lat' dir='ltr'>beato</span> <span class='ocrx_word' id='word_1_215' title='bbox 549 3578 725 3641; x_wconf 90' lang='lat' dir='ltr'>koenelmo</span> <span class='ocrx_word' id='word_1_216' title='bbox 766 3590 911 3661; x_wconf 90' lang='lat' dir='ltr'>martyre</span> <span class='ocrx_word' id='word_1_217' title='bbox 955 3590 1014 3642; x_wconf 90' lang='lat' dir='ltr'>tuo</span> <span class='ocrx_word' id='word_1_218' title='bbox 1059 3581 1151 3643; x_wconf 90' lang='lat' dir='ltr'>cuius</span> <span class='ocrx_word' id='word_1_219' title='bbox 1195 3579 1394 3662; x_wconf 92' lang='lat' dir='ltr'>sollempnia</span> 
     </span>
     <span class='ocr_line' id='line_1_35' title="bbox 189 3664 1393 3749; baseline -0.002 -19"><span class='ocrx_word' id='word_1_220' title='bbox 189 3667 380 3730; x_wconf 91' lang='lat' dir='ltr'>uenerando</span> <span class='ocrx_word' id='word_1_221' title='bbox 404 3685 621 3728; x_wconf 91' lang='lat' dir='ltr'>recensemus.</span> <span class='ocrx_word' id='word_1_222' title='bbox 645 3664 799 3728; x_wconf 83' lang='lat' dir='ltr'>fidelibus</span> <span class='ocrx_word' id='word_1_223' title='bbox 823 3667 939 3729; x_wconf 90' lang='lat' dir='ltr'>salutis</span> <span class='ocrx_word' id='word_1_224' title='bbox 955 3666 1197 3749; x_wconf 90' lang='lat' dir='ltr'>indulgentiam</span> <span class='ocrx_word' id='word_1_225' title='bbox 1212 3666 1393 3729; x_wconf 82' lang='lat' dir='ltr'>conserant.</span> 
     </span>
     <span class='ocr_line' id='line_1_36' title="bbox 191 3752 1275 3836; baseline 0.001 -21"><span class='ocrx_word' id='word_1_226' title='bbox 191 3764 225 3816; x_wconf 94' lang='lat' dir='ltr'>et</span> <span class='ocrx_word' id='word_1_227' title='bbox 242 3754 446 3816; x_wconf 90' lang='lat' dir='ltr'>aeternitatis</span> <span class='ocrx_word' id='word_1_228' title='bbox 462 3753 610 3835; x_wconf 90' lang='lat' dir='ltr'>praemia</span> <span class='ocrx_word' id='word_1_229' title='bbox 625 3752 803 3833; x_wconf 88' lang='lat' dir='ltr'>dignanter</span> <span class='ocrx_word' id='word_1_230' title='bbox 818 3754 1003 3836; x_wconf 88' lang='lat' dir='ltr'>adquirant.</span> <span class='ocrx_word' id='word_1_231' title='bbox 1020 3774 1079 3836; x_wconf 89' lang='lat' dir='ltr'>per</span> <span class='ocrx_word' id='word_1_232' title='bbox 1093 3755 1275 3818; x_wconf 89' lang='lat' dir='ltr'>dominum.</span> 
     </span>
    </p>
   </div>
   <div class='ocr_carea' id='block_1_11' title="bbox 700 3873 881 3953">
    <p class='ocr_par' dir='ltr' id='par_1_13' title="bbox 700 3873 881 3953">
     <span class='ocr_line' id='line_1_37' title="bbox 700 3873 881 3953; baseline 0 -18"><span class='ocrx_word' id='word_1_233' title='bbox 700 3873 881 3953; x_wconf 81' lang='lat' dir='ltr'>Praefatio.</span> 
     </span>
    </p>
   </div>
   <div class='ocr_carea' id='block_1_12' title="bbox 190 3976 1395 4493">
    <p class='ocr_par' dir='ltr' id='par_1_14' title="bbox 190 3976 1395 4493">
     <span class='ocr_line' id='line_1_38' title="bbox 234 3976 1393 4059; baseline 0.003 -19"><span class='ocrx_word' id='word_1_234' title='bbox 234 3977 284 4040; x_wconf 76' lang='lat' dir='ltr'>ff)</span> <span class='ocrx_word' id='word_1_235' title='bbox 301 3986 434 4039; x_wconf 85' lang='lat' dir='ltr'>aeterne</span> <span class='ocrx_word' id='word_1_236' title='bbox 449 3977 539 4040; x_wconf 83' lang='lat' dir='ltr'>deus,</span> <span class='ocrx_word' id='word_1_237' title='bbox 586 3976 653 4059; x_wconf 86' lang='lat' dir='ltr'>Qui</span> <span class='ocrx_word' id='word_1_238' title='bbox 670 3987 861 4040; x_wconf 92' lang='lat' dir='ltr'>sanctorum</span> <span class='ocrx_word' id='word_1_239' title='bbox 878 3987 1010 4040; x_wconf 92' lang='lat' dir='ltr'>tuorum</span> <span class='ocrx_word' id='word_1_240' title='bbox 1027 3980 1210 4059; x_wconf 88' lang='lat' dir='ltr'>patrocinia</span> <span class='ocrx_word' id='word_1_241' title='bbox 1223 3989 1332 4042; x_wconf 86' lang='lat' dir='ltr'>tecum</span> <span class='ocrx_word' id='word_1_242' title='bbox 1347 3982 1393 4044; x_wconf 91' lang='lat' dir='ltr'>ita</span> 
     </span>
     <span class='ocr_line' id='line_1_39' title="bbox 191 4063 1393 4146; baseline 0.004 -21"><span class='ocrx_word' id='word_1_243' title='bbox 191 4064 223 4125; x_wconf 92' lang='lat' dir='ltr'>in</span> <span class='ocrx_word' id='word_1_244' title='bbox 247 4074 382 4125; x_wconf 91' lang='lat' dir='ltr'>aeterna</span> <span class='ocrx_word' id='word_1_245' title='bbox 406 4063 563 4126; x_wconf 88' lang='lat' dir='ltr'>claritatis</span> <span class='ocrx_word' id='word_1_246' title='bbox 588 4074 665 4126; x_wconf 90' lang='lat' dir='ltr'>tuae</span> <span class='ocrx_word' id='word_1_247' title='bbox 689 4064 794 4145; x_wconf 89' lang='lat' dir='ltr'>gloria</span> <span class='ocrx_word' id='word_1_248' title='bbox 822 4066 1035 4146; x_wconf 90' lang='lat' dir='ltr'>praeparasti.</span> <span class='ocrx_word' id='word_1_249' title='bbox 1052 4075 1088 4128; x_wconf 93' lang='lat' dir='ltr'>ut</span> <span class='ocrx_word' id='word_1_250' title='bbox 1115 4066 1147 4127; x_wconf 95' lang='lat' dir='ltr'>in</span> <span class='ocrx_word' id='word_1_251' title='bbox 1173 4068 1219 4128; x_wconf 90' lang='lat' dir='ltr'>eis</span> <span class='ocrx_word' id='word_1_252' title='bbox 1244 4068 1393 4130; x_wconf 85' lang='lat' dir='ltr'>existens</span> 
     </span>
     <span class='ocr_line' id='line_1_40' title="bbox 192 4149 1391 4219; baseline 0.005 -7"><span class='ocrx_word' id='word_1_253' title='bbox 192 4150 349 4213; x_wconf 91' lang='lat' dir='ltr'>mirabilis</span> <span class='ocrx_word' id='word_1_254' title='bbox 374 4149 526 4213; x_wconf 84' lang='lat' dir='ltr'>diffusius</span> <span class='ocrx_word' id='word_1_255' title='bbox 552 4149 628 4212; x_wconf 94' lang='lat' dir='ltr'>huic</span> <span class='ocrx_word' id='word_1_256' title='bbox 654 4150 781 4213; x_wconf 90' lang='lat' dir='ltr'>mundo</span> <span class='ocrx_word' id='word_1_257' title='bbox 806 4151 917 4214; x_wconf 93' lang='lat' dir='ltr'>lumen</span> <span class='ocrx_word' id='word_1_258' title='bbox 945 4161 1022 4214; x_wconf 91' lang='lat' dir='ltr'>tuae</span> <span class='ocrx_word' id='word_1_259' title='bbox 1052 4155 1209 4215; x_wconf 87' lang='lat' dir='ltr'>ostendas</span> <span class='ocrx_word' id='word_1_260' title='bbox 1235 4155 1391 4219; x_wconf 88' lang='lat' dir='ltr'>ueritatis.</span> 
     </span>
     <span class='ocr_line' id='line_1_41' title="bbox 192 4236 1392 4319; baseline 0.002 -18"><span class='ocrx_word' id='word_1_261' title='bbox 192 4239 248 4301; x_wconf 86' lang='lat' dir='ltr'>Ex</span> <span class='ocrx_word' id='word_1_262' title='bbox 294 4258 433 4319; x_wconf 93' lang='lat' dir='ltr'>quorum</span> <span class='ocrx_word' id='word_1_263' title='bbox 479 4237 619 4318; x_wconf 89' lang='lat' dir='ltr'>collegio</span> <span class='ocrx_word' id='word_1_264' title='bbox 665 4236 876 4301; x_wconf 89' lang='lat' dir='ltr'>beatissimus</span> <span class='ocrx_word' id='word_1_265' title='bbox 928 4238 1023 4301; x_wconf 91' lang='lat' dir='ltr'>testis</span> <span class='ocrx_word' id='word_1_266' title='bbox 1067 4245 1143 4300; x_wconf 89' lang='lat' dir='ltr'>tuus</span> <span class='ocrx_word' id='word_1_267' title='bbox 1198 4240 1392 4303; x_wconf 84' lang='lat' dir='ltr'>koenelmus</span> 
     </span>
     <span class='ocr_line' id='line_1_42' title="bbox 191 4324 1392 4408; baseline 0.003 -22"><span class='ocrx_word' id='word_1_268' title='bbox 191 4326 224 4386; x_wconf 92' lang='lat' dir='ltr'>in</span> <span class='ocrx_word' id='word_1_269' title='bbox 255 4325 413 4402; x_wconf 79' lang='lat' dir='ltr'>aecclesie</span> <span class='ocrx_word' id='word_1_270' title='bbox 443 4325 625 4387; x_wconf 89' lang='lat' dir='ltr'>stabilitate</span> <span class='ocrx_word' id='word_1_271' title='bbox 655 4324 803 4407; x_wconf 90' lang='lat' dir='ltr'>ago[ne]l</span> <span class='ocrx_word' id='word_1_272' title='bbox 835 4325 984 4406; x_wconf 89' lang='lat' dir='ltr'>martyrii</span> <span class='ocrx_word' id='word_1_273' title='bbox 1017 4325 1192 4388; x_wconf 89' lang='lat' dir='ltr'>decoratus</span> <span class='ocrx_word' id='word_1_274' title='bbox 1223 4327 1392 4408; x_wconf 88' lang='lat' dir='ltr'>perfloruit</span> 
     </span>
     <span class='ocr_line' id='line_1_43' title="bbox 190 4411 1395 4493; baseline 0.002 -19"><span class='ocrx_word' id='word_1_275' title='bbox 190 4411 393 4493; x_wconf 91' lang='lat' dir='ltr'>demumque</span> <span class='ocrx_word' id='word_1_276' title='bbox 423 4411 632 4475; x_wconf 89' lang='lat' dir='ltr'>innocentiae</span> <span class='ocrx_word' id='word_1_277' title='bbox 662 4413 847 4492; x_wconf 91' lang='lat' dir='ltr'>proemium</span> <span class='ocrx_word' id='word_1_278' title='bbox 879 4421 1025 4493; x_wconf 87' lang='lat' dir='ltr'>captans.</span> <span class='ocrx_word' id='word_1_279' title='bbox 1051 4411 1217 4475; x_wconf 89' lang='lat' dir='ltr'>laureatus</span> <span class='ocrx_word' id='word_1_280' title='bbox 1241 4414 1395 4477; x_wconf 90' lang='lat' dir='ltr'>caelestis</span> 
     </span>
    </p>
   </div>
   <div class='ocr_carea' id='block_1_13' title="bbox 612 4554 971 4619">
    <p class='ocr_par' dir='ltr' id='par_1_15' title="bbox 612 4554 971 4619">
     <span class='ocr_line' id='line_1_44' title="bbox 612 4554 971 4619; baseline -0.003 -13"><span class='ocrx_word' id='word_1_281' title='bbox 612 4558 619 4586; x_wconf 88' lang='lat'>¹</span> <span class='ocrx_word' id='word_1_282' title='bbox 637 4555 748 4619; x_wconf 84' lang='lat' dir='ltr'>Syllable</span> <span class='ocrx_word' id='word_1_283' title='bbox 758 4554 864 4607; x_wconf 82' lang='lat' dir='ltr'>omitted</span> <span class='ocrx_word' id='word_1_284' title='bbox 875 4555 902 4605; x_wconf 91' lang='lat' dir='ltr'>in</span> <span class='ocrx_word' id='word_1_285' title='bbox 914 4555 971 4607; x_wconf 89' lang='lat' dir='ltr'>MS.</span> 
     </span>
    </p>
   </div>
   <div class='ocr_carea' id='block_1_14' title="bbox 0 0 1527 5106">
    <p class='ocr_par' dir='ltr' id='par_1_16' title="bbox 0 0 1527 5106">
     <span class='ocr_line' id='line_1_45' title="bbox 0 0 1527 5106; baseline 0 0"><span class='ocrx_word' id='word_1_286' title='bbox 0 0 1527 5106; x_wconf 95' lang='lat' dir='ltr'> </span> 
     </span>
    </p>
   </div>
  </div>
 </body>
</html>
