3038 5106
210 340 259 393 2⁶6
502 338 614 391 mssa
637 338 712 391 PRO
732 338 853 390 PESYE
874 338 1109 391 ANIMALIUM.

211 495 339 558 sionem
364 502 554 558 sanctorum
577 502 710 558 tuorum
731 494 858 557 cunctis
882 490 978 556 nobis
1005 490 1180 577 proficiant
1201 490 1411 557 adsalutem.

212 602 277 664 per.

667 700 729 763 Ad
740 699 965 781 complendum.

257 812 354 876 Plebs
369 822 427 875 tua
442 813 577 876 domine
603 812 714 895 capiat
737 831 850 874 sacrae
876 810 1116 875 benedictionis
1139 821 1366 893 augmentum.
1381 821 1415 873 et

212 900 355 983 copiosis
385 898 619 963 beneficiorum
651 909 782 962 tuorum
814 899 1003 962 subleuetur
1032 899 1172 961 auxiliis.
1196 918 1281 980 quae
1313 899 1416 961 tantis

213 987 485 1049 intercessionum
517 986 806 1069 deprecationibus
835 986 1020 1049 adiuuatur.
1046 1005 1105 1067 per
1134 984 1308 1048 dominnm
1340 1005 1416 1047 nos·

212 1082 308 1137 trum.

399 1273 402 1280 ·
446 1267 561 1330 llrssn
585 1281 634 1329 uu
660 1267 937 1330 Monalunm'm
968 1266 1171 1329 Honmun.

260 1414 360 1476 Parce
376 1413 511 1475 domine
526 1412 671 1494 peccatis
693 1412 814 1474 nostris
830 1422 863 1474 et
884 1412 1037 1492 quamuis
1062 1411 1299 1474 incessabiliter
1311 1410 1417 1475 delin-

214 1500 391 1582 quentibus
406 1498 578 1582 [continua
594 1518 702 1581 poena
718 1499 886 1562 debeatur.
903 1508 1035 1580 praesta
1050 1518 1228 1579 quesumus
1250 1497 1306 1580 [so.
1325 1513 1416 1576 192v.

215 1597 251 1650 ut
281 1586 371 1668 quod
402 1587 566 1668 praesenti
598 1604 783 1648 mereamur
819 1584 1002 1648 offensione
1032 1586 1128 1649 nobis
1159 1585 1333 1667 proueniat
1372 1585 1416 1647 ad

215 1675 465 1755 correptionem.
489 1683 522 1735 et
545 1672 679 1754 plagam
706 1692 807 1753 quam
834 1692 932 1754 super
958 1692 1019 1734 nos
1044 1673 1271 1754 propeccatis
1294 1672 1419 1735 nostris

216 1762 388 1823 imminere
419 1760 657 1841 cognoscimus
689 1769 722 1821 te
759 1760 935 1821 miserante
973 1760 1154 1822 sentiamus
1190 1778 1326 1821 cessare.
1359 1779 1419 1840 per

214 1848 388 1910 dominnm
405 1859 563 1910 nostrum.

748 1983 885 2047 Secreta.

261 2098 402 2176 Protege
425 2117 486 2158 nos
501 2114 680 2177 quesumus
703 2095 838 2158 domine
854 2096 961 2176 gratia
976 2105 1034 2158 tua
1049 2095 1109 2158 tibi
1125 2105 1241 2158 sancta
1256 2093 1419 2158 sacrificia

217 2184 428 2247 immolantes
444 2193 477 2246 et
498 2184 633 2265 plagam
649 2202 749 2264 qnam
773 2202 871 2264 super
894 2202 954 2244 nos
977 2182 1150 2245 imminere
1173 2202 1343 2265 pauemus.
1361 2204 1421 2265 per

215 2269 378 2334 auxilium
411 2267 652 2332 misericordiae
682 2279 758 2332 tuae
784 2269 967 2332 sentiamus
997 2288 1133 2332 cessare.
1160 2289 1219 2352 per
1242 2269 1418 2334 dominum

219 2368 375 2420 nostrum.

672 2493 703 2555 A
707 2493 734 2555 d
744 2492 969 2573 complendum.

263 2617 413 2698 Sumptis
429 2617 564 2679 domine
580 2617 695 2680 salutis
714 2626 847 2680 nostrae
870 2616 1032 2679 subsidiis
1049 2626 1141 2679 tuam
1160 2617 1419 2679 misericordiam

218 2704 410 2786 suppliciter
434 2704 677 2785 depraecamur.
703 2715 740 2767 ut
766 2705 809 2766 ab
835 2705 984 2766 iminenti
1006 2724 1066 2766 nos
1083 2703 1183 2786 plaga
1199 2703 1368 2766 defendas.
1385 2714 1419 2766 et

218 2790 261 2853 ab
277 2802 410 2854 aeterna
426 2791 664 2872 dampnatione
687 2792 813 2873 eripias.
831 2812 896 2872 per.

517 3025 632 3087 Missa
658 3037 728 3087 nno
753 3024 870 3087 Passa
895 3023 1135 3087 Aunmmun.

266 3170 357 3233 Deus
373 3172 428 3251 qui
446 3171 612 3234 laboribus
628 3170 800 3233 hominnm
817 3171 917 3233 etiam
934 3171 976 3233 de
994 3169 1094 3232 mutis
1112 3168 1311 3232 animalibus
1335 3167 1422 3230 sola·

219 3257 271 3318 cia
294 3257 488 3338 subrogasti.
516 3258 680 3339 supplices
705 3268 738 3320 te
765 3278 927 3338 rogamus,
944 3268 980 3319 ut
1003 3257 1074 3319 sine
1089 3257 1208 3337 quibus
1233 3276 1300 3318 non
1324 3254 1424 3317 alitur

221 3342 366 3405 humana
381 3345 532 3406 condicio
548 3345 667 3406 nostris
685 3344 784 3407 facias
801 3345 913 3408 usibus
931 3364 996 3406 non
1013 3344 1125 3426 perire.
1143 3363 1209 3424 per.

753 3499 889 3562 Secreta.

265 3625 439 3690 Sacrificiis
452 3627 586 3689 domine
603 3627 752 3709 placatus
768 3628 896 3692 oblatis
907 3648 1005 3710 opem
1024 3638 1114 3691 tuam
1128 3627 1248 3690 nostris
1264 3627 1423 3709 tempori·

220 3714 281 3777 bus
297 3713 477 3776 clementer
493 3714 656 3795 impende.
673 3736 737 3796 per.

733 3869 913 3948 Praefatio.

269 3999 317 4061 (l)
335 4007 467 4060 aeterne
483 3998 572 4059 deus.
619 3996 684 4079 Qui
713 3997 788 4061 ideo
815 3999 909 4061 malis
933 4019 993 4061 nos
1017 3998 1245 4081 praesentibus
1262 3996 1422 4080 flagellas.

223 4094 260 4147 ut
273 4085 315 4147 ad
332 4083 420 4147 bona
436 4082 544 4146 futura
559 4086 727 4165 perducas.
776 4085 856 4149 ldeo
872 4086 967 4148 bonis
984 4085 1221 4168 temporalibus
1233 4085 1423 4147 consolaris.

224 4183 260 4234 ut
276 4171 319 4233 de
341 4171 550 4252 sempiternis
575 4169 674 4232 facias
702 4173 864 4235 certiores.
910 4171 987 4254 Quo
1008 4183 1090 4235 teet
1109 4173 1140 4234 in
1159 4172 1323 4254 prosperis
1340 4182 1374 4234 et
1391 4173 1423 4234 in

225 4259 371 4320 aduersis
406 4258 461 4340 pia
498 4277 630 4339 semper
667 4258 873 4321 consessione
911 4258 1096 4322 laudemus1
1128 4260 1231 4321 iesum
1262 4257 1423 4322 christum

222 4345 397 4407 dominum
415 4354 573 4407 nostrum.

461 4517 469 4551 ¹
486 4523 537 4572 Per
546 4522 568 4572 is
578 4523 684 4573 omitted
696 4522 819 4587 probably
831 4524 864 4587 by
874 4538 908 4572 an
919 4539 986 4573 error
998 4524 1024 4573 in
1036 4523 1078 4573 the
1091 4520 1148 4575 MS.
