3038 5106
188 343 238 404 246
350 342 463 393 MISSA
488 340 653 405 QUORUM
670 340 884 409 RELIQUIAE
906 340 956 393 m
971 340 1101 393 racel„
1128 337 1234 391 cou't.

638 532 702 597 Ad
718 532 942 615 complmdum.

236 644 387 728 Sumptis
424 645 560 709 domine
597 645 712 709 salutis
761 655 894 710 nostrae
930 643 1093 709 subsidiis.
1132 644 1176 707 da
1213 659 1395 724 quesumus

190 730 404 795 beatissimae
414 732 467 796 dei
489 733 657 815 genitricis
675 751 871 815 semperque
886 732 1023 815 uirginis
1044 731 1176 795 mariae.
1199 749 1260 792 nos
1283 737 1396 810 patro·

192 819 286 882 ciniis
301 818 423 901 ubique
439 820 576 902 protegi.
600 820 633 884 in
656 820 747 884 cuius
771 820 984 884 ueneratione
1005 819 1088 882 haec
1110 827 1188 880 tuae
1211 814 1396 879 obtulimus

192 906 366 970 maiestati.
381 926 449 989 per.
798 940 803 947 ·

656 1042 764 1123 Super
775 1043 939 1125 populum.

238 1152 463 1239 Omnipotens
485 1156 706 1238 sempiternae
720 1155 811 1218 deus.
859 1154 930 1218 Nos
946 1154 1087 1217 famulos
1110 1162 1185 1216 tuos
1209 1148 1399 1235 potentiae†

195 1239 290 1316 tuaei
319 1261 339 1303 a
368 1242 495 1305 cunctis
526 1251 664 1324 protege
694 1241 846 1325 periculis
877 1252 910 1305 et
940 1242 1084 1324 gloriosa
1117 1240 1234 1303 beatae
1273 1239 1399 1301 mariae

195 1347 326 1410 semper
340 1329 476 1412 uirginis
493 1329 725 1392 intercessione
741 1328 792 1391 fac
809 1350 870 1391 nos
886 1329 1050 1411 praesenti
1067 1327 1211 1410 gaudere
1232 1325 1398 1408 prosperi-

196 1424 266 1478 tate
281 1425 315 1479 et
330 1414 447 1478 sutura.
462 1435 522 1499 per
537 1415 708 1478 dominum
726 1425 884 1478 nostrum.

738 1630 845 1694 Arm

242 1757 454 1823 Famulorum
471 1769 602 1823 tuorum
619 1778 798 1840 quesumus
818 1759 954 1822 domine
971 1757 1099 1822 delictis
1124 1759 1264 1840 ignosce.
1281 1765 1318 1817 ut
1341 1755 1399 1836 qui

196 1843 326 1927 placere
348 1846 408 1909 tibi
431 1846 474 1909 de
496 1845 624 1908 actibus
647 1847 767 1908 nostris
798 1866 864 1908 non
896 1845 1054 1909 ualemus.
1078 1844 1244 1926 genitricis
1262 1841 1319 1904 filii
1350 1842 1397 1903 tui

197 1930 324 1995 domini
340 1933 393 1996 dei
409 1933 512 1996 nostri
528 1933 762 1997 intercessione
777 1932 951 1996 saluemur.
967 1953 1033 2015 per.

731 2107 870 2173 Secreta.

240 2219 314 2282 Tua
336 2220 471 2283 domine
500 2221 734 2303 propitiatione
764 2230 798 2284 et
820 2220 939 2283 beatae
962 2220 1084 2283 mariae
1107 2239 1238 2301 semper
1263 2219 1402 2301 uirginis

198 2306 430 2370 intercessione
446 2308 488 2371 ad
505 2316 699 2390 perpetuam
716 2316 815 2390 atque
831 2316 1039 2391 praesentem
1055 2306 1137 2369 haec
1153 2304 1280 2369 oblatio
1303 2305 1401 2368 nobis

198 2392 348 2475 proficiat
364 2396 626 2477 prosperitatem.
642 2414 701 2477 per
716 2394 898 2457 dominum.

719 2553 899 2635 Praefatio.

242 2664 307 2748 lif)
332 2675 464 2728 aeterne
494 2666 583 2729 deus.
631 2668 676 2730 Et
697 2677 732 2729 tc
755 2668 787 2729 in
811 2667 1023 2730 ueneratione
1046 2685 1212 2728 sacrarum
1235 2666 1400 2748 uirginum

199 2752 428 2817 exultantibus
458 2755 585 2816 animis.
608 2754 750 2816 laudare.
781 2753 984 2817 benedicere.
1008 2763 1040 2815 et
1064 2753 1263 2836 praedicare.
1311 2752 1403 2814 Inter

200 2860 283 2921 quas
299 2841 496 2903 intemerata
511 2842 564 2903 dei
581 2843 726 2923 genitrix
743 2841 836 2923 uirgo
860 2841 971 2903 maria.
995 2841 1140 2921 gloriosa
1162 2839 1291 2902 effulsit.
1316 2858 1403 2920 quae

201 2937 234 2989 et
257 2927 463 3008 unigenitum
488 2938 582 2991 tuum
605 2929 712 2991 sancti
735 2928 867 3009 spiritus
891 2926 1145 2990 obumbratione
1175 2927 1336 3007 concepit.
1368 2937 1403 2987 et

200 3014 398 3095 uirginitatis
428 3014 534 3095 gloria
564 3025 787 3097 permanente.
818 3015 894 3077 huic
926 3015 1051 3077 mundo
1081 3024 1252 3077 aeternum
1288 3012 1402 3074 lumen

200 3098 325 3163 effudit.
342 3100 445 3163 iesum
462 3101 620 3165 christum
636 3103 810 3165 dominum
827 3110 985 3164 nostrum.
1002 3121 1061 3183 per
1076 3121 1175 3183 quem
1193 3100 1403 3162 maiestatem

199 3196 301 3250 tuam.

647 3318 709 3380 Ad
726 3317 950 3397 cortzplendum.

246 3426 400 3491 Concede
418 3429 600 3490 misericors
619 3430 700 3491 deus
716 3428 911 3511 fragilitate†
934 3439 1066 3491 nostrae
1085 3428 1277 3492 subsidium.
1293 3437 1331 3490 ut
1346 3430 1403 3509 qui

201 3523 336 3576 sanctae
360 3514 411 3576 dei
435 3516 601 3596 genitricis
624 3526 657 3579 et
684 3526 863 3598 perpetuae
894 3517 1028 3597 uirginis
1054 3517 1175 3578 mariae
1207 3516 1404 3578 memoriam

201 3600 434 3664 caelebramus.
466 3603 708 3665 intercessionis
738 3604 808 3665 eius
839 3603 965 3665 auxilio
996 3603 1158 3666 anostris
1175 3601 1406 3684 iniquitatibus

201 3707 416 3770 resurgamus
434 3709 492 3770 per
508 3690 688 3752 dominum.

219 3933 334 3995 Missa
359 3931 528 4014 Quorum
554 3935 767 4010 Remouma
791 3948 832 3998 nt
857 3935 1069 3998 Auccmssm
1092 3934 1387 3999 commessurus.

249 4059 403 4125 Concede
425 4082 604 4143 quesumus
634 4064 846 4146 omnipotens
869 4063 959 4126 deus.
983 4072 1020 4125 ut
1043 4073 1158 4126 sancta
1181 4061 1234 4124 dei
1257 4062 1405 4144 genitrix

206 4148 317 4211 maria.
348 4150 519 4231 sanctique
549 4151 596 4212 tui
628 4150 778 4232 apostoli.
811 4160 973 4232 martyres
1013 4149 1215 4212 consessores
1251 4149 1405 4230 uirgines.

204 4245 304 4316 atque
326 4255 443 4299 omnes
465 4237 570 4300 sancti
586 4257 726 4318 quorum
746 4238 779 4299 in
804 4238 866 4300 ista
881 4247 997 4301 sancta
1013 4237 1222 4299 continentur
1244 4235 1406 4299 aecclesia
1468 4314 1473 4319 Ι

205 4323 387 4404 patrocinia
403 4343 464 4385 nos
479 4323 601 4405 ubique
616 4324 783 4388 adiuuent.
799 4321 961 4406 quatinis†
977 4323 1029 4386 hic
1047 4325 1079 4386 in
1095 4323 1224 4385 iliorum
1238 4325 1405 4404 praesenti

203 4407 360 4490 suffragio
382 4409 560 4492 tranquilla
582 4430 665 4494 pace
688 4412 720 4473 in
744 4419 802 4475 tua
832 4411 929 4475 laude
956 4411 1124 4475 laetemur.
1148 4429 1206 4492 per
1228 4409 1404 4472 dominum

203 4504 362 4558 nostrum.
