3038 5106
287 364 337 414 IX.
369 362 454 415 KAL.
484 365 559 415 IUL.
588 364 675 415 NAT.
706 365 733 415 S.
764 365 1116 415 AETHELDRVTHAE.
1261 362 1304 414 181

103 519 241 582 caelesti
271 519 407 601 regione
436 519 579 582 aeternis
616 518 830 600 perfruuntur
866 519 1005 600 gaudiis.
1036 528 1069 581 et
1099 538 1159 602 pro
1190 537 1303 581 eorum

102 605 281 688 sollempni
306 605 536 669 recordatione
570 606 730 669 aecclesia
757 606 917 689 religiosis
941 605 1072 668 exultat
1098 604 1221 667 officiis.
1247 624 1305 686 per

104 714 217 775 quem.

559 809 590 873 Α
594 809 620 871 d
630 809 856 891 complendum.

151 921 245 984 Haec
262 942 322 983 nos
338 921 529 983 communio
552 922 687 984 domine
711 932 830 1004 purget
853 941 872 983 a
889 921 1033 982 crimine.
1050 928 1083 982 et
1099 919 1305 982 interceden-

101 1008 194 1073 tibus
220 1008 344 1071 sanctis
368 1008 442 1071 tuis.
473 1007 624 1071 caelestis
656 1009 792 1071 remedii
825 1008 923 1070 saciat
947 1028 1019 1069 esse
1045 1015 1224 1069 consortes,
1245 1024 1303 1089 per

100 1096 275 1158 dominum
294 1106 451 1158 nostrum.

146 1258 209 1343 six.
235 1262 326 1325 Knt.
352 1263 429 1327 lut.
454 1264 611 1327 Nnrme
635 1263 812 1328 §mersu
835 1265 1089 1327 Autumnus·
1127 1264 1181 1346 [so.
1203 1279 1271 1343 129.
1311 1242 1314 1247 ’

550 1366 653 1413 ‘runs
678 1352 864 1416 Unecnus.

149 1468 241 1532 Deus
258 1469 431 1533 ineffabilis
455 1491 564 1534 rerum
588 1473 748 1535 conditor.
771 1473 999 1535 uniuersorum
1016 1473 1073 1554 qui
1089 1471 1221 1535 famulis
1236 1470 1302 1535 tuis

96 1575 247 1618 annuam
278 1557 458 1621 hodiernae
493 1557 684 1622 lestiuitatis
722 1559 883 1622 laetitiam
922 1561 954 1621 in
993 1559 1184 1622 ueneranda
1214 1559 1301 1621 alme

100 1643 242 1723 uirginis
258 1655 335 1706 tuae
359 1646 521 1726 praecluis
548 1647 781 1726 aetheldrythe
806 1645 950 1708 tribuisti
977 1647 1301 1709 commemoratione.

99 1748 285 1810 quesumus
302 1742 338 1794 ut
362 1735 479 1795 eadem
508 1733 748 1797 interueniente
775 1734 931 1796 uitiorum
959 1734 1125 1797 incentiua
1141 1752 1302 1814 queamus

99 1817 223 1879 nociua
248 1838 409 1900 superare.
441 1830 474 1881 et
504 1822 547 1882 ad
579 1831 612 1883 te
641 1840 810 1883 summum
842 1820 967 1883 bonum
998 1821 1054 1902 qui
1085 1840 1163 1882 uera
1188 1820 1246 1882 lux
1267 1838 1302 1881 es

98 1901 195 1965 callis
211 1923 249 1966 ac
264 1907 371 1986 pietas
387 1907 547 1969 diuinitus
563 1909 742 1988 peruenire.
760 1927 825 1990 per.

664 2028 754 2091 Alia.

146 2136 369 2221 Omnipotens
400 2139 646 2221 praecluissime
675 2140 765 2202 deus.
797 2151 914 2203 auctor
944 2140 1075 2202 uirtutis
1106 2149 1138 2200 et
1170 2148 1301 2200 amator

100 2224 311 2305 uirginitatis.
326 2226 383 2306 qui
401 2227 534 2289 beatam
558 2225 826 2308 aetheldrytham
846 2227 1007 2289 hodierna
1023 2228 1076 2287 die
1092 2228 1249 2307 dignatus
1265 2245 1300 2286 es

100 2309 145 2371 ad
161 2312 242 2374 caeli
259 2314 383 2393 gaudia
398 2313 570 2375 deducere.
594 2314 786 2395 suppliciter
808 2324 901 2376 tuam
925 2312 1140 2394 imploramus
1156 2313 1299 2375 clemen-

99 2398 191 2460 tiam.
208 2409 244 2461 ut
260 2400 352 2462 cuius
379 2419 507 2462 sacram
532 2399 814 2481 sollempnitatem
840 2400 1066 2463 caelebramus
1091 2400 1123 2460 in
1146 2401 1240 2461 aruis,
1257 2400 1299 2461 de

99 2484 249 2547 eiusdem
266 2487 456 2567 patrociniis
472 2486 679 2568 gaudeamus
701 2489 732 2549 in
749 2489 853 2550 astris.
870 2507 929 2568 per
943 2487 1126 2548 dominum.

631 2607 768 2672 Secreta.

145 2714 288 2779 Domine
312 2718 395 2781 deus
423 2719 655 2800 cunctipotens
686 2720 788 2782 totius
819 2720 987 2781 mundane
1019 2716 1114 2779 molis
1140 2714 1296 2779 mirificus

97 2804 221 2885 opit'ex.
237 2806 367 2886 suscipe
382 2805 652 2886 depraecationes
676 2826 845 2869 seruorum
862 2817 995 2868 tuorum
1012 2824 1087 2866 cum
1106 2803 1295 2865 muneribus

97 2887 290 2952 hostiarum.
330 2912 415 2971 quae
455 2893 487 2953 in
529 2894 750 2956 sacratissima
791 2893 1002 2955 caelebritate
1043 2890 1187 2953 famulae
1218 2900 1295 2952 tuae

97 2975 359 3058 aetheldrythae.
393 2979 452 3042 tibi
486 2978 666 3042 deserimus
690 2990 723 3042 et
756 2981 901 3043 concede
928 2992 965 3041 ut
989 2999 1046 3061 per
1072 2977 1153 3039 haec
1180 2977 1295 3039 diuina

96 3076 313 3127 sacramenta.
344 3075 481 3129 cunctos
516 3067 663 3130 carnales
695 3077 789 3129 actus
826 3068 998 3129 ualeamus
1035 3084 1165 3127 exuere.
1193 3074 1294 3145 atque

96 3151 248 3213 omnium
266 3154 468 3215 incrementa
485 3154 645 3216 uirtutum
662 3155 837 3236 percipere.
854 3173 912 3235 per
927 3152 1108 3215 dominum.

617 3274 797 3353 Praefatio,

142 3383 193 3447 li)
216 3394 350 3447 aeterne
376 3386 466 3448 deus.
525 3383 592 3466 Qui
618 3406 717 3448 omne
746 3405 851 3468 genus
876 3385 1059 3447 humanum
1085 3382 1292 3456 calliditatis†

94 3470 223 3551 antiqui
240 3473 401 3553 serpentis
416 3474 600 3535 seductum.
624 3485 657 3535 et
679 3494 840 3535 consensu
858 3472 953 3553 primi
971 3471 1116 3551 parentis
1131 3472 1291 3551 depraua-

96 3566 179 3619 tum.
205 3558 249 3620 ob
273 3560 373 3638 idque
396 3559 439 3622 ab
466 3560 669 3621 amoenitate
696 3560 850 3640 paradysi
880 3558 1067 3639 expulsum.
1099 3558 1291 3619 mirabiliter

96 3642 281 3706 reformasti
305 3666 364 3726 per
385 3644 616 3728 funigenitum.
663 3645 728 3727 Qui
753 3648 828 3709 ideo
850 3647 1007 3726 dignatus
1030 3655 1079 3707 est
1125 3644 1290 3725 [l0.129r.

96 3732 188 3793 nasci
203 3732 246 3793 de
258 3733 454 3796 intemerata
470 3734 606 3815 uirgine.
630 3744 666 3795 ut
690 3753 749 3795 nos
765 3744 921 3814 purgaret
937 3733 979 3794 ab
997 3733 1168 3793 uniuersae
1184 3732 1289 3793 sordis

96 3819 304 3899 contagione.
342 3830 443 3900 atque
492 3821 614 3883 idcirco
654 3819 760 3882 uoluit
799 3821 913 3882 mortis
951 3817 1060 3880 subire
1098 3816 1288 3898 periculum.

95 3905 254 3985 quatinus
278 3906 460 3970 destrueret
486 3918 618 3970 nostrae
643 3908 731 3969 necis
758 3907 940 3989 imperium.
988 3906 1051 3966 l’ro
1074 3905 1167 3966 cuius
1191 3904 1290 3965 dilec-

96 3992 188 4053 tione
203 3991 300 4056 beata
324 3994 417 4073 uirgo
443 3993 685 4074 aetheldrytha.
709 3995 910 4075 contempsit
934 3992 1056 4073 gaudia
1074 3993 1242 4052 mundana
1257 4002 1290 4052 et

96 4080 223 4142 lucrata
257 4090 308 4142 est
347 4079 503 4143 caelestia
538 4102 647 4162 regna.
710 4080 806 4163 Quae
841 4083 983 4143 duorum
1017 4079 1136 4159 spretis
1174 4098 1287 4158 regum

96 4165 261 4229 thalamis.
300 4166 421 4248 copula
457 4179 636 4249 perpetuae
682 4169 844 4230 castitatis
890 4187 929 4229 ac
966 4165 1130 4227 desiderio
1167 4164 1290 4245 gloriae

98 4250 283 4333 perhennis.
314 4254 487 4335 unigenito
517 4264 576 4318 tuo
606 4256 742 4317 domino
773 4256 842 4316 iesu
873 4254 995 4316 christo
1021 4252 1140 4315 meruit
1165 4251 1288 4313 sociari.

95 4338 199 4403 Cuius
214 4340 471 4403 misericordiam
499 4340 667 4403 humiliter
692 4342 916 4423 deprecamur.
938 4351 974 4403 ut
989 4340 1137 4402 ciusdem
1155 4338 1290 4417 uirginis

95 4426 384 4489 intercessionibus
423 4426 548 4509 fragilis
591 4428 680 4491 uitae
722 4428 872 4511 expulsis
909 4426 1102 4489 criminibus
1138 4424 1288 4488 caelestis

93 4512 221 4595 patriae
236 4512 455 4577 hereditatem
471 4534 602 4577 sumere
619 4535 810 4577 mereamur.
828 4536 885 4598 per
899 4533 1008 4595 quem.
