3038 5106
221 350 267 400 144
509 333 724 385 ORATIONES
741 332 964 384 COTIDIANIS
977 333 1128 386 DIEBUS.

771 483 863 547 ΑΙία.

262 587 354 650 Deus
370 585 426 667 qui
442 596 555 649 nostra
570 584 734 667 conspicis
750 604 881 666 semper
896 581 1088 647 infirmitate
1098 583 1243 648 destitui.
1255 585 1429 648 aduentus

218 677 265 738 tui
283 696 343 737 nos
359 674 549 736 uisitatione
564 673 702 735 custodi.
720 692 786 753 per.

437 852 640 914 lucremur
663 848 886 913 Onnrrouns
909 863 981 912 eno
1006 850 1193 915 Paccarrs.

261 957 395 1021 Exaudi
412 956 546 1017 domine
571 954 733 1035 gemitum
761 953 875 1035 populi
898 953 1124 1035 supplicantis.
1139 963 1176 1016 ut
1191 953 1248 1035 qui
1264 953 1307 1017 de
1327 955 1429 1017 meri-

216 1054 325 1107 torum
360 1043 521 1125 qualitate
558 1041 748 1104 diffidimus,
780 1061 845 1102 non
877 1041 1033 1103 iudicium
1065 1041 1123 1103 sed
1158 1042 1426 1104 misericordiam

216 1132 373 1213 consequi
390 1150 581 1192 mereamur.
599 1149 665 1210 per.

772 1230 862 1293 Alia.

259 1333 418 1398 Succurre
433 1351 614 1414 quesumus
637 1330 771 1391 domine
791 1330 916 1411 populo
932 1329 1140 1412 supplicanti.
1158 1340 1191 1393 et
1207 1351 1306 1413 opem
1325 1342 1423 1394 tuam

215 1422 322 1484 tribue
360 1421 522 1500 benignus
560 1417 705 1479 infirmis
744 1427 781 1479 ut
817 1419 944 1478 sincera
982 1418 1040 1479 tibi
1076 1429 1187 1481 mente
1224 1419 1350 1482 deuoti.
1391 1432 1426 1483 et

215 1508 396 1590 praesentis
413 1508 501 1568 uitae
517 1505 670 1567 remediis
685 1504 854 1585 gaudeant
870 1514 903 1567 et
919 1504 1055 1566 suturae.
1071 1525 1136 1587 per.

771 1616 860 1678 Alia.

260 1717 393 1779 Exaudi
418 1734 598 1797 quesumus
625 1714 760 1777 domine
784 1715 960 1796 supplices¹
979 1736 1120 1797 praeces.
1136 1726 1169 1779 et
1185 1715 1422 1782 confitentium

214 1804 288 1887 stibi
307 1824 403 1886 parce
419 1804 572 1884 peccatis,
587 1811 622 1864 ut
636 1802 758 1883 pariter
768 1803 864 1864 nobis
878 1802 1117 1884 indulgentiam
1135 1804 1260 1866 tribuas
1277 1803 1336 1886 [se.
1352 1824 1422 1885 103.

213 1893 376 1973 benignus
392 1900 425 1952 e't
441 1910 566 1972 pacem.
583 1909 648 1970 per.

769 1999 859 2063 Alia.

257 2101 425 2165 Conserua
452 2121 632 2182 quesumus
657 2100 792 2162 domine
819 2099 978 2181 populum
1004 2110 1107 2163 tuum.
1132 2110 1165 2163 et
1192 2100 1235 2163 ab
1259 2102 1420 2166 omnibus

213 2210 296 2270 quas
324 2209 486 2249 meremur
511 2187 767 2249 aduersitatibus
795 2187 896 2249 redde
921 2208 1080 2249 securum.
1108 2197 1144 2249 ut
1175 2190 1421 2271 tranquillitate

211 2280 335 2340 deuota
351 2276 410 2337 tibi
429 2285 538 2337 mente
555 2275 726 2337 deseruiat.
744 2294 802 2356 per
817 2274 989 2336 dominum
1007 2285 1163 2337 nostrum.

770 2386 863 2447 Alia.

257 2485 482 2549 Afflictionem
501 2485 645 2547 familiae
661 2494 737 2547 tuae
753 2504 934 2565 quesumus
950 2484 1085 2546 domine
1101 2485 1237 2548 intende
1254 2487 1419 2568 placatus

212 2585 249 2636 ut
265 2573 393 2635 indulta
410 2573 505 2634 uenia
522 2584 741 2653 peecatorum.
755 2574 796 2633 de
814 2573 878 2633 tuis
895 2591 1026 2652 semper
1041 2572 1209 2635 beneficiis
1225 2573 1419 2653 gloriemur.

213 2682 278 2743 per.

612 2808 836 2873 Corromxrs
861 2807 1012 2872 Drusus.

256 2923 350 2985 Deus
365 2922 420 3002 qui
438 2920 601 3000 conspicis
617 2922 707 2981 omni
726 2942 785 2982 nos
802 2922 922 2982 uirtute
938 2921 1082 2984 destitui.
1100 2922 1235 2985 interius
1251 2926 1419 2987 exterius-

212 3031 276 3093 que
292 3010 430 3071 custodi.
448 3019 483 3069 ut
500 3020 532 3068 et
549 3009 592 3069 ab
613 3008 767 3069 omnibus
792 3008 1049 3070 aduersitatibus
1074 3010 1262 3071 muniamur
1286 3012 1318 3072 in
1344 3033 1417 3075 cor-

212 3117 300 3179 pore.
340 3107 371 3158 et
410 3117 429 3157 a
460 3096 570 3176 prauis
601 3096 858 3176 cogitationibus
888 3095 1087 3157 mundemur
1124 3097 1156 3156 in
1195 3107 1316 3160 mente.
1357 3120 1419 3181 per

212 3183 395 3245 dominum.

767 3292 857 3355 Alia.

255 3394 389 3458 Gratiae
406 3402 482 3455 tuae
498 3413 677 3473 quesumus
698 3393 831 3454 domine
856 3391 1059 3474 supplicibus
1075 3394 1140 3455 tuis
1156 3392 1263 3456 tribue
1279 3393 1417 3475 largita·

210 3494 288 3547 tem.
327 3493 363 3543 ut
401 3482 559 3541 mandata
597 3491 654 3542 tua
692 3491 725 3542 te
762 3490 922 3560 operante
952 3490 1117 3541 sectantes
1147 3480 1415 3545 consolationem

210 3569 392 3652 praesentis
409 3569 496 3629 uitae
513 3568 696 3647 percipiant
712 3577 745 3629 et
762 3566 898 3628 suturae.
915 3588 974 3648 per
989 3567 1170 3629 dominum.

765 3678 796 3739 A
802 3679 856 3740 lia.

255 3779 439 3845 Subueniat
456 3778 551 3839 nobis
567 3797 747 3857 quesumus
771 3778 905 3838 domine
924 3777 1031 3859 gratia
1047 3787 1114 3840 tua.
1132 3787 1167 3840 ut
1184 3777 1227 3839 ab
1243 3777 1414 3841 iminenti-

208 3868 271 3930 bus
299 3878 510 3949 peccatorum
540 3876 727 3925 nostrorum
758 3864 910 3945 periculis
943 3876 976 3927 te
1001 3885 1187 3928 mereamur
1213 3875 1414 3947 protegente

207 3955 336 4017 saluari.
354 3975 411 4036 per
426 3953 608 4014 dominum.

762 4052 852 4117 Alia.

252 4158 334 4221 on
364 4153 540 4218 clamantis
564 4152 744 4215 aecclesiae
773 4173 954 4234 quesumus
978 4153 1113 4216 dominc
1139 4155 1181 4216 ad
1210 4175 1306 4217 aures
1332 4167 1412 4219 tuac

209 4245 343 4326 pietatis
359 4243 524 4305 ascendat.
542 4249 577 4301 ut
595 4254 751 4320 percepta
775 4241 872 4302 uenia
895 4251 1108 4322 peccatorum
1125 4251 1158 4304 te
1174 4241 1232 4304 fiat
1248 4256 1411 4325 operante

206 4333 351 4395 deuota.‘·’
367 4339 561 4412 protegente
577 4347 698 4388 secura.
717 4349 785 4408 per.

563 4436 569 4464 ¹
589 4437 712 4500 l‘ro'oably
724 4438 762 4486 lor
773 4438 919 4501 supplicum.

561 4500 573 4532 ¹
590 4503 713 4566 Probably
726 4510 749 4552 te
761 4504 781 4553 is
793 4503 897 4553 omitted
909 4502 935 4551 in
947 4501 990 4551 the
1002 4500 1058 4553 MS.
