3038 5106
156 350 202 413 184
428 351 500 401 IIII.
530 351 615 401 KAL.
647 350 721 401 IUl..
750 350 839 401 Nar.
868 351 897 401 S.
926 350 1072 401 mom&

713 512 805 577 Alia.

199 612 423 697 Omnipotens
439 624 472 675 et
489 613 673 675 misericors
688 612 779 674 deus.
795 612 852 693 qui
875 611 1011 675 beatum
1035 611 1217 674 iohannem
1238 610 1360 694 baptis

155 712 224 763 tam
252 711 310 763 tua
334 700 545 781 prouidentia
574 699 758 763 destinasti.
789 712 825 761 ut
855 699 1037 781 perfectam
1069 698 1202 780 plebem
1234 697 1360 761 christo

155 787 293 849 domino
309 798 528 869 praepararet
575 786 628 848 Da
642 805 824 867 quesumus
838 798 876 849 ut
892 785 1017 848 familia
1039 796 1098 849 tua
1113 786 1185 847 eius
1202 786 1359 849 interces-

155 875 247 936 sione
261 873 471 957 praeconiis.†
481 885 515 936 et
530 894 551 936 a
566 875 711 955 peccatis
726 872 881 936 omnibus
895 884 1047 935 exuatur.
1060 882 1094 936 et
1109 873 1152 934 ad
1165 892 1245 934 eum
1258 892 1359 954 quem

154 961 366 1043 prophetauit
391 962 561 1043 peruenire
585 980 778 1024 mereamur.
801 962 906 1023 iesum
937 959 1097 1022 christum
1123 958 1231 1021 filium
1263 970 1360 1021 tuum

153 1048 326 1111 dominum
344 1060 501 1111 nostrum.

182 1231 228 1280 νι.
254 1217 345 1279 Kar..
365 1217 440 1279 luc.
467 1216 622 1279 Nmnue
647 1217 883 1282 Seueronusr
910 1218 1100 1281 louaums
1123 1230 1171 1279 ar
1197 1216 1330 1281 Psum.

197 1330 387 1413 Quesumus
412 1330 623 1410 omnipotens
639 1331 729 1392 deus,
746 1341 781 1392 ut
806 1351 867 1393 nos
889 1331 1060 1411 geminata
1075 1330 1205 1393 laetitia
1227 1329 1364 1393 hodier-

152 1437 214 1479 nae
245 1417 434 1480 sestiuitatis
465 1417 612 1497 excipiat
635 1437 721 1499 quae
751 1419 793 1479 de
818 1419 991 1479 beatomm
1022 1416 1176 1480 iohannis
1202 1427 1237 1478 et
1271 1417 1363 1499 pauli

150 1504 390 1585 glorificatione
406 1504 564 1584 procedit
580 1524 664 1585 quos
680 1504 797 1566 eadem
815 1503 897 1566 fides
912 1513 947 1565 et
969 1505 1081 1586 passio
1096 1524 1174 1566 uere
1191 1503 1273 1566 fecit
1290 1523 1365 1566 esse

151 1611 335 1671 germanos.
353 1611 411 1671 per
425 1591 599 1652 dominum
616 1601 774 1654 nostrum.
1310 1618 1313 1623 ·

684 1702 821 1766 Secreta.

198 1803 335 1864 Hostias
351 1802 410 1864 tibi
426 1803 561 1864 domine
577 1812 767 1864 sanctorum
784 1812 968 1883 martyrum
992 1811 1126 1865 tuorum
1151 1802 1314 1867 iohannis
1330 1817 1364 1868 et

151 1889 240 1968 pauli
262 1890 390 1951 dicatas
415 1889 547 1951 meritis.
564 1889 727 1971 benignus
754 1910 893 1952 assume.
911 1900 945 1953 et
965 1889 1008 1952 ad
1034 1900 1235 1971 perpetuum
1263 1894 1366 1955 nobis

152 1976 259 2037 tribue
277 1976 451 2056 prouenire
467 1976 662 2038 subsidium.
679 1996 745 2057 per.

660 2096 842 2175 Praefatio.

195 2196 244 2259 (D
263 2215 321 2276 per
335 2194 494 2257 christum
511 2195 684 2258 dominum
702 2207 860 2258 nostrum.
907 2194 971 2258 Pro
986 2196 1079 2259 cuius
1089 2216 1204 2260 amore
1220 2198 1362 2280 gloriosi

151 2294 313 2361 martyres
330 2282 489 2343 iohannes
505 2294 538 2344 et
556 2282 673 2363 paulus
685 2283 879 2363 martyrium
896 2303 961 2345 non
979 2293 1057 2344 sunt
1073 2286 1222 2347 cunctati
1239 2287 1363 2350 subire.

150 2390 233 2449 quos
265 2370 295 2430 in
329 2370 485 2431 nascendi
517 2368 590 2451 lege
629 2371 739 2432 iunxit
773 2371 985 2451 germanitas.
1016 2370 1048 2431 in
1079 2371 1208 2450 gremio
1240 2376 1362 2438 matris

149 2455 308 2532 aecclesie
339 2455 415 2518 fidei
447 2457 565 2518 unitas.
597 2457 629 2518 in
668 2457 831 2537 passionis
869 2457 1049 2519 acerbitate
1080 2457 1226 2520 serenda
1259 2462 1362 2524 unius

149 2543 271 2605 amoris
311 2544 459 2605 societas.
528 2543 588 2605 Per
621 2564 720 2624 quem
762 2564 822 2604 nos
856 2544 1000 2625 petimus
1034 2564 1148 2606 eorum
1179 2548 1361 2626 praecibus

150 2631 309 2691 adiuuari.
326 2650 467 2710 quorum
485 2630 569 2691 festa
591 2632 758 2692 noscimur
773 2632 929 2692 uenerari.
948 2651 1007 2713 per
1022 2651 1132 2712 quem.

606 2742 667 2803 Ad
678 2742 902 2822 corrtplendmn.

193 2839 420 2921 [sumpsimus
436 2841 572 2901 domine
596 2851 784 2902 sanctorum
807 2851 938 2902 tuorum
964 2840 1161 2921 sollempnia
1186 2841 1357 2923 [l0.131v.

150 2927 362 2988 celebrantes.
389 2925 544 2988 caelestia
568 2938 784 2990 sacramenta.
810 2939 942 3008 praesta
972 2948 1162 3007 quesumus.
1193 2941 1230 2993 ut
1261 2934 1355 3012 quod

150 3013 377 3094 temporaliter
403 3015 557 3093 gerimus
585 3016 726 3077 aeternis
753 3015 884 3095 gaudiis
905 3035 1154 3095 consequamur.
1171 3037 1232 3097 per
1247 3016 1355 3081 domi·

149 3120 228 3162 num
246 3110 402 3162 nostrum.

273 3294 338 3341 1111.
365 3280 456 3341 Km..
484 3281 560 3343 luu.
587 3281 742 3343 Nasam:
767 3278 906 3343 Sancti
933 3279 1075 3342 Leonis
1101 3280 1232 3343 PAPAE.

196 3391 288 3453 Deus
318 3394 372 3472 qui
412 3394 555 3454 beatum.
587 3391 716 3453 leonem
757 3390 947 3472 pontificem
987 3402 1177 3454 sanctorum
1218 3403 1350 3455 tuorum

152 3480 276 3540 meritis
301 3480 480 3559 coequasti.
505 3481 650 3540 concede
683 3480 853 3559 propitius.
882 3490 918 3540 ut
942 3480 997 3558 qui
1024 3481 1351 3542 commemorationis

150 3568 219 3626 eius
259 3566 341 3627 festa
380 3567 561 3628 recolimus
593 3569 682 3627 uitae
712 3586 844 3646 quoque
883 3566 1050 3628 imitemur
1087 3568 1261 3647 exemplis.
1294 3588 1352 3648 per

150 3653 331 3714 dominum.

683 3765 818 3827 Secreta.

196 3865 317 3926 rlnnue
334 3866 427 3926 nobis
444 3864 578 3925 domine
602 3874 639 3925 ut
663 3865 795 3925 animae
820 3862 934 3925 famuli
958 3864 1005 3925 tui
1028 3864 1132 3924 leonis
1148 3864 1229 3925 haec
1246 3865 1348 3945 prosit

150 3951 285 4013 oblatio,
304 3973 403 4032 quam
422 3950 625 4013 immolando
642 3952 743 4013 totius
760 3952 874 4012 mundi
899 3951 1041 4012 tribuisti
1060 3949 1202 4012 relaxari
1219 3952 1347 4013 delicta.

173 4060 214 4101 er.

149 4061 171 4120 p
602 4149 663 4210 Ad
673 4149 897 4229 complendum.

196 4249 287 4311 Deus
321 4250 377 4331 qui
416 4250 545 4310 animae
583 4249 697 4310 samuli
736 4250 783 4311 tui
823 4249 926 4311 leonis
964 4258 1095 4309 aeterne
1133 4249 1346 4311 beatitudinis

153 4338 299 4417 praemia
322 4338 499 4398 contulisti.
524 4337 668 4398 concede
693 4336 863 4417 propitius.
888 4347 924 4397 ut
950 4336 1005 4416 qui
1034 4345 1246 4415 peccatorum
1272 4355 1345 4396 nos-

151 4436 274 4486 trorum
293 4425 438 4505 pondere
461 4424 661 4504 praemimur
676 4425 745 4485 eius
768 4425 857 4505 apud
882 4433 915 4485 te
939 4423 1110 4503 praecibus
1126 4422 1344 4484 subleuemur.

150 4531 208 4592 per
223 4513 405 4573 dominum.
