3038 5106
397 342 496 393 XIIII.
525 342 611 393 KAl.
641 342 720 395 IUN.
750 341 837 392 NAT.
868 342 896 391 S.
927 341 1132 394 DUNSTANI.
1310 352 1354 408 175

662 518 844 599 Praefatae.

196 624 248 689 (θ
263 632 398 688 aeterne
421 624 511 687 deus.
555 620 724 705 Quoniam
750 644 771 685 a
797 633 830 687 te
854 623 1077 687 constantiam
1101 623 1191 687 fides.
1207 631 1276 687 ate
1291 624 1356 687 uir·

152 722 260 776 tutem
275 711 378 774 sumit
393 710 575 774 infirmitas.
622 708 668 773 Et
689 710 847 793 quicquid
865 711 897 772 in
914 710 1197 792 persecutionibus
1216 730 1353 774 saeuum

154 808 215 863 est.
237 798 397 880 quicquid
422 798 455 860 in
482 806 589 861 morte
616 796 769 860 terribile.
795 798 938 860 nominis
965 798 1013 860 tui
1039 797 1119 861 sacis
1146 796 1354 861 consessione

152 884 310 967 superari.
357 884 458 949 Unde
481 883 709 947 benedicimus
735 894 769 947 te
795 885 931 948 domine
947 885 979 946 in
996 885 1150 967 operibus
1173 884 1239 947 tuis
1254 895 1354 966 teque

152 973 187 1036 in
203 981 394 1035 sanctorum
410 982 542 1035 tuorum
559 971 648 1034 nerei
663 971 794 1034 achillei
810 982 844 1034 et
860 973 1020 1052 pancratii
1045 971 1245 1053 perfectione
1261 971 1354 1036 laud-

152 1078 260 1123 amus.
276 1078 336 1141 per
346 1059 506 1122 christum
523 1058 697 1121 dominum
714 1067 872 1121 nostrum.

610 1187 672 1248 Ad
682 1187 907 1267 corrqolendum.

199 1300 390 1383 Quesumus
416 1300 552 1362 domine
575 1310 611 1362 ut
635 1299 807 1362 beatorum
832 1308 1024 1380 martyrum.
1047 1299 1145 1362 nerei.
1169 1299 1305 1363 achillei.
1322 1310 1356 1365 et

153 1388 326 1471 pancratii.
341 1386 652 1467 depraecationibus
679 1396 885 1448 sacramenta
912 1397 1027 1449 sancta
1042 1406 1128 1467 quae
1143 1387 1354 1468 sumpsimus.

153 1475 199 1537 ad
214 1485 291 1538 tuae
314 1473 411 1537 nobis
437 1472 612 1555 proficiant
639 1472 835 1555 placationis
857 1483 1083 1556 augmentum.
1101 1494 1159 1555 per
1181 1474 1354 1538 dominum

154 1572 316 1625 nostrum.

305 1757 356 1806 111.
383 1744 473 1807 Inus
498 1742 584 1805 Man
609 1744 823 1806 Danrcnrro
847 1743 1023 1807 Snucrnu
1048 1744 1207 1807 Maurae.

200 1872 356 1938 Concede
371 1893 551 1955 quesumus
571 1873 784 1954 omnipotens
800 1872 882 1935 deus
898 1873 940 1935 ad
956 1894 1070 1936 eorum
1086 1874 1209 1955 gaudia
1223 1884 1357 1936 aeterna

156 1960 352 2043 pertingere.
368 1962 410 2023 de
434 1980 576 2041 quorum
601 1980 662 2022 nos
689 1960 812 2022 uirtute
836 1960 954 2023 tribuis
977 1979 1086 2023 annua
1109 1960 1355 2042 sollempnitate

155 2047 309 2130 gaudere.
325 2067 384 2130 per
398 2047 572 2110 dominum
589 2057 748 2109 nostrum.

688 2166 824 2230 Secreta.

200 2278 309 2361 Super
338 2279 398 2342 has
434 2298 615 2361 quesumus
653 2278 780 2341 hostias
817 2278 954 2341 domine
991 2278 1180 2343 benedictio
1218 2284 1356 2365 copiosa

155 2366 344 2430 descendat
361 2386 447 2448 quae
462 2378 496 2429 et
511 2365 806 2429 sanctificationem
831 2364 927 2427 nobis
950 2365 1129 2429 clementer
1143 2378 1305 2449 operetur.
1322 2381 1355 2433 et

155 2453 199 2516 de
215 2463 399 2535 martyrum
416 2474 477 2516 nos
491 2453 739 2534 sollempnitate
755 2451 918 2516 laetificet.
931 2473 990 2535 per
1004 2454 1181 2521 dominum
1198 2466 1358 2521 nostrum.

606 2573 669 2635 Ad
678 2572 903 2653 conplendum.

201 2684 376 2767 Supplices
401 2694 434 2748 te
458 2705 615 2767 rogamus
638 2687 851 2766 omnipotens
880 2686 970 2748 deus
992 2697 1028 2750 ut
1052 2707 1137 2768 quos
1160 2690 1226 2752 tuis
1252 2690 1356 2753 reficis

156 2772 381 2835 sacramentis.
411 2771 471 2834 tibi
502 2773 603 2835 etiam
634 2771 765 2853 placitis
803 2773 949 2836 moribus
985 2774 1163 2856 dignanter
1192 2778 1357 2840 deseruire

157 2860 332 2923 concedas
347 2879 406 2940 per
420 2859 594 2922 dominum
611 2869 771 2922 nostrum.

313 3058 405 3108 x1111.
431 3046 524 3109 Kar.
552 3047 632 3109 lun.
658 3046 814 3108 Narras
839 3046 979 3110 Saucn
1002 3048 1205 3114 Dunsranr

607 3133 911 3197 Ancuraerscoru.

205 3260 297 3324 Deus
322 3262 413 3323 cuius
441 3262 566 3325 eximia
592 3261 735 3326 dulcedo
765 3263 900 3325 beatum
931 3265 1134 3329 dunstanum
1165 3270 1356 3349 pontificem

160 3348 339 3431 [gloriosae
368 3350 552 3412 exornauit.
585 3351 730 3412 concede
761 3350 942 3413 clementer
971 3372 1153 3433 quesumus
1183 3355 1238 3437 [lu.
1268 3372 1356 3437 125v.

158 3435 282 3499 astanti
306 3434 458 3498 familiae.
480 3445 517 3499 ut
539 3456 623 3518 grex
647 3436 788 3500 deuotus
805 3448 968 3518 sequatur.
992 3459 1059 3521 quo
1074 3453 1175 3524 caput
1196 3445 1356 3508 eximium

158 3523 345 3605 praecessit.
362 3543 421 3605 per
436 3523 609 3586 dominum
626 3533 784 3585 nostrum.

712 3644 802 3705 Alia.

205 3750 430 3836 Omnipotens
454 3757 655 3836 sempiterne
682 3758 764 3819 deus
788 3756 844 3836 qui
868 3755 1047 3820 hodiernae
1070 3760 1135 3823 diei
1163 3764 1359 3848 sollempnia

159 3841 454 3903 sacrosanctissimi
482 3841 648 3923 pontificis
675 3844 722 3904 tui
747 3843 904 3905 dunstani
931 3843 1023 3907 obitu
1047 3844 1164 3910 festiue
1184 3852 1359 3917 exhilaras.

160 3926 207 3989 da
221 3946 401 4009 quesumus
416 3936 454 3991 ut
469 3937 565 3991 tanto
587 3927 752 4010 patronis'r
773 3930 945 4010 praesidiis
969 3930 1141 3996 foueamur
1157 3936 1189 3998 in
1205 3940 1299 4002 aruis.
1317 3942 1359 4003 de

158 4014 254 4076 cuius
269 4014 429 4079 societate
444 4015 603 4079 caelestes
619 4016 707 4089 ciues
723 4015 877 4080 exultant
894 4018 926 4079 in
943 4019 1046 4081 astris,
1062 4040 1122 4101 per
1136 4022 1318 4089 dominum.

695 4135 832 4200 Secreta.

210 4236 387 4301 Libamina
402 4259 533 4303 summe
545 4240 627 4303 deus
644 4239 867 4323 praesentiae†
882 4242 1009 4323 superis
1025 4242 1212 4310 benedicito
1228 4250 1360 4313 sedibus

163 4322 268 4405 quael
281 4334 341 4389 tuo
355 4326 504 4389 antistite
519 4327 686 4390 dunstano
701 4338 863 4391 exorante
879 4349 939 4409 pro
955 4330 1059 4393 nobis.
1076 4336 1257 4413 praesentis
1273 4337 1362 4400 uitae

163 4410 440 4565 tranqplirlliissaff
468 4414 697 4497 percipiamus.
724 4425 758 4478 et
780 4415 919 4495 gloriam
951 4418 1133 4497 promissae
1159 4420 1360 4487 hereditatis.

163 4516 225 4581 Ρθῐ
