3038 5106
209 347 243 395 4ο
519 335 574 385 DE
601 332 779 387 COMI’UTO
802 332 1101 384 ECCLESIASTICO.

214 486 292 550 luna
321 489 506 552 occurrerit.
537 488 610 571 ipsa
639 498 672 551 te
703 489 746 551 ad
777 488 1055 553 caelebrationem
1087 498 1237 551 sanctam
1269 485 1414 569 paschae
1452 533 1457 540 .

213 575 370 657 perducit.
418 574 453 640 Si
471 596 549 639 uero
565 576 635 637 xiiii
652 575 731 638 luna
747 587 825 640 ante
841 576 888 637 xii
912 575 976 639 kal.
1004 596 1071 658 apr.
1094 575 1279 638 occurrerit.
1304 575 1336 638 id
1361 582 1412 635 est

212 672 269 724 aut
299 663 359 724 xiii
387 662 450 725 kal.
487 683 553 743 apr.
584 672 641 725 aut
679 663 750 725 xiiii
781 664 844 726 kal.
875 683 942 745 apr.
973 672 1030 726 aut
1057 685 1104 725 xv
1134 661 1197 725 kal.
1229 682 1296 743 apr.
1327 662 1412 723 scito

212 749 369 829 quoniam
386 748 550 831 paschalis
566 749 645 812 luna
660 770 726 812 non
743 761 794 815 est
817 750 875 813 sed
898 750 1039 813 eandem
1063 750 1142 812 luna
1165 770 1240 811 cum
1264 760 1411 810 xxxmam

212 836 416 917 perduxeris.
447 837 525 899 luna
567 857 654 918 quae
684 837 750 899 alia
779 838 834 900 die
864 847 943 900 nata
972 836 1071 900 luerit
1102 838 1134 897 in
1173 837 1246 917 ipsa
1269 832 1414 921 ¹omnia†

212 933 364 985 sanctum
395 923 519 1005 pascha
548 923 760 988 caelebrabis.
791 923 950 989 Similiter
979 923 1130 998 caustus't
1153 933 1226 986 esto
1256 931 1293 985 ut
1324 922 1414 984 xiiii0

213 1008 276 1071 kal.
309 1010 382 1072 mai.
415 1010 493 1073 luna
518 1011 606 1072 xiiiia
633 1030 699 1072 non
724 1011 945 1074 transcendat.
970 1021 1028 1074 aut
1058 1013 1100 1074 ad
1132 1010 1209 1072 xiii⁰
1239 1009 1305 1071 lral.
1335 1008 1410 1071 mai.

212 1106 269 1158 aut
296 1096 339 1158 ad
370 1098 435 1159 xiio
462 1097 524 1159 kal.
557 1098 630 1160 mai.
691 1099 779 1161 Nam
811 1118 887 1161 cum
913 1098 1050 1180 incipies
1081 1116 1241 1180 magnum
1273 1096 1412 1159 deducis

212 1202 365 1245 errorem.

257 1269 517 1334 Christianorum
536 1291 614 1334 uero
631 1272 753 1353 pascha
776 1272 819 1335 ab
846 1272 881 1333 xi
908 1270 970 1334 kal.
996 1291 1063 1353 apr.
1089 1292 1193 1352 usque
1218 1272 1250 1332 in
1279 1271 1322 1333 vii
1347 1269 1411 1332 kal.

214 1358 287 1419 mai.
311 1378 522 1438 quocumque
545 1360 713 1421 dominica
731 1360 784 1421 die
800 1359 879 1422 luna
894 1358 1050 1422 uidelicet
1065 1359 1242 1422 occurrerit
1257 1368 1411 1420 sanctum

213 1444 336 1525 pascha
361 1446 468 1507 modis
496 1446 650 1508 omnibus
677 1446 879 1509 caelebrabis
906 1448 995 1527 quod
1021 1446 1048 1507 si
1075 1455 1153 1508 ante
1184 1446 1219 1507 xi
1245 1444 1311 1507 kal.
1342 1464 1410 1525 apr.

212 1532 313 1593 etiam
330 1532 356 1593 si
374 1531 451 1593 luna
467 1534 643 1596 occurrerit
661 1532 713 1596 uel
729 1542 806 1616 post
821 1534 864 1596 vii
889 1532 953 1595 kal.
977 1533 1052 1595 mai.
1075 1533 1200 1614 pascha
1222 1531 1411 1594 nullatenus

213 1617 427 1681 caelebratur.
840 1678 848 1697 ,

258 1704 493 1768 Communium
511 1716 545 1769 et
561 1706 832 1769 embolismorum
850 1708 933 1771 ratio
950 1707 1013 1770 ista
1028 1716 1079 1769 est
1096 1716 1133 1770 ut
1148 1727 1207 1789 per
1222 1704 1409 1787 ogdoadem

214 1800 247 1852 et
288 1793 496 1873 endegadem
532 1813 660 1856 currere
691 1794 843 1857 debeant.
899 1794 986 1857 Sunt
1024 1805 1136 1857 autem
1175 1795 1302 1875 ogdoas
1340 1792 1411 1854 viii⁰

214 1879 360 1960 endegas
384 1881 427 1941 xi.
445 1900 527 1942 com.
544 1900 629 1943 com.
645 1880 868 1944 embolismus.
885 1901 969 1943 eom.
985 1902 1069 1944 com.
1086 1881 1310 1944 embolismus.
1327 1898 1410 1940 com.

213 1964 298 2028 emb.
324 1967 469 2047 endegas
491 1968 535 2029 xi.
560 1987 643 2029 com.
670 1989 755 2031 com.
783 1969 868 2030 emb.
894 1988 978 2030 eom.
1003 1989 1086 2031 com.
1115 1968 1200 2030 emb.
1224 1985 1307 2028 eom.
1327 1984 1411 2028 com.

213 2051 299 2114 emb.
326 2072 409 2115 com.
434 2053 519 2115 emb.
566 2054 612 2117 Et
636 2056 682 2117 sic
699 2055 890 2117 inueniendi
906 2064 984 2116 sunt
1000 2055 1091 2117 uerbi
1108 2054 1214 2135 gratia
1230 2052 1319 2115 xiiiia
1335 2051 1411 2114 luna

214 2138 378 2220 paschalis
408 2139 598 2203 sestiuitatis
625 2141 657 2203 in
689 2162 778 2204 anno
808 2142 986 2223 praeterito
1017 2142 1123 2223 pridie
1153 2141 1227 2203 idus
1257 2157 1325 2222 apr.
1351 2137 1412 2200 suit

214 2227 287 2307 ipsa
302 2226 380 2288 luna
396 2227 467 2289 xiiii
478 2247 567 2290 anno
582 2239 757 2309 praesente
773 2228 805 2290 in
823 2248 864 2290 eo
886 2228 1048 2292 datarum.
1073 2228 1100 2289 si
1124 2224 1411 2309 superextenderit

214 2312 331 2375 diebus
355 2314 417 2376 xix
440 2315 502 2376 erit
525 2335 600 2378 ann.
622 2316 707 2379 emb.
731 2317 758 2377 si
783 2325 869 2379 retro
893 2317 1029 2379 inuenta
1052 2315 1149 2378 suerit
1165 2313 1282 2379 diebus
1299 2312 1335 2375 xi
1351 2312 1411 2374 erit

214 2419 287 2461 ann.
304 2400 390 2463 emb.

259 2486 427 2569 Quattuor
441 2486 648 2551 differentiae
664 2487 761 2551 lunae
784 2489 935 2551 uictorini
959 2489 1147 2552 anatholius
1170 2498 1204 2552 et
1226 2486 1410 2550 laterculus.

215 2572 298 2636 alius
329 2588 430 2636 xxxa.
462 2575 545 2637 alius
576 2577 673 2638 xxix.
712 2577 801 2657 apud
840 2576 956 2638 ebreos
995 2577 1092 2639 xxix.
1130 2586 1163 2637 et
1201 2575 1288 2636 senis
1323 2573 1411 2655 apud

215 2662 377 2742 aegiptios
394 2662 490 2724 xxix.
508 2663 642 2744 aegiptii
660 2662 784 2725 iaciunt
800 2668 832 2724 in
855 2663 946 2725 omni
963 2682 1051 2725 anno
1068 2663 1126 2726 xiii
1146 2660 1252 2745 lmen·
1268 2659 1324 2741 [fo.
1342 2676 1412 2721 22v.

215 2767 266 2808 ses
305 2749 336 2809 in
369 2768 569 2830 unoquoque
601 2769 714 2811 mense
745 2770 822 2812 xxx
853 2751 932 2812 dies.
964 2750 996 2811 in
1027 2770 1095 2813 uno
1126 2768 1238 2810 mense
1275 2767 1295 2809 v
1334 2746 1412 2809 dies.

216 2833 412 2897 Communis
428 2855 535 2897 annus
551 2835 652 2899 habet
669 2837 740 2899 dies
763 2835 884 2910 cccliiii
910 2836 996 2899 adde
1024 2838 1059 2899 xi
1085 2835 1168 2898 fiunt
1193 2835 1264 2897 dies
1287 2833 1412 2896 ccclxv.

216 2921 302 2983 adde
339 2941 439 3003 supra
476 2924 538 2985 xix
576 2933 609 2986 et
647 2922 685 2987 fit
722 2924 947 2987 embolismus.
985 2923 1038 2986 hic
1076 2943 1182 2986 annus
1212 2919 1313 2982 habet
1343 2921 1413 2983 dies

215 3007 417 3070 ccclxxxiiii.

261 3093 352 3175 Quot
376 3096 446 3156 dies
469 3095 629 3158 debemus
659 3097 784 3177 pascha
814 3096 999 3160 caelebrare
1024 3096 1057 3158 id
1089 3106 1139 3158 est
1173 3094 1327 3156 xxxiiii0r
1361 3092 1412 3156 uel

218 3203 317 3243 xxxv
340 3192 374 3243 et
398 3182 461 3244 hoc
488 3192 525 3246 ut
548 3184 620 3246 dixi
649 3184 711 3245 xix
737 3181 842 3258 anno†
867 3184 951 3265 cycli
980 3182 1016 3245 fit
1043 3192 1178 3264 propter
1203 3181 1413 3243 concordiam

217 3279 437 3348 aepactarum.
455 3269 507 3331 isti
523 3280 634 3332 autem
651 3292 751 3333 xxxv
768 3271 838 3332 dies
854 3280 930 3333 sunt
945 3271 990 3332 hii
1006 3271 1063 3351 qui
1079 3269 1192 3331 cccliiii
1208 3267 1413 3330 diebusanni

219 3548 284 3590 non
311 3529 386 3591 licet
412 3528 587 3592 caelebrari
613 3550 712 3612 supra
742 3551 822 3594 uero
852 3531 912 3592 hos
935 3532 1006 3593 dies
1029 3530 1113 3593 lieet.
1137 3531 1170 3592 in
1194 3528 1413 3591 embolismali

219 3626 329 3677 autem
353 3636 443 3678 anno
465 3626 543 3679 ante
565 3617 759 3680 ccclxxxiiii
783 3616 835 3681 uel
857 3639 878 3680 v
902 3636 968 3680 non
984 3618 1083 3680 debet
1099 3616 1223 3698 pascha
1238 3615 1415 3678 caelebrari

219 3722 318 3783 supra
342 3722 421 3764 uero
453 3703 537 3767 lieet.
570 3705 637 3767 lste
666 3726 746 3786 ergo
777 3725 932 3767 numerus
963 3705 1089 3767 dierum
1118 3705 1150 3766 in
1181 3702 1415 3765 communibus

220 3790 314 3851 annis
330 3800 364 3852 et
379 3791 584 3854 embolismis
600 3792 632 3853 in
650 3792 893 3855 caelebratione
909 3792 1053 3873 paschae
1068 3790 1297 3854 obseruandus
1313 3799 1372 3852 est.

264 3877 373 3938 Maior
388 3877 658 3942 embolismorum
676 3880 760 3941 ratio
783 3879 942 3961 probatur
963 3880 1115 3942 existere.
1138 3877 1227 3959 quod
1244 3897 1417 3939 eommun-

221 3963 287 4024 ium
328 3984 489 4026 annorum
523 3965 654 4028 uidetur
683 3967 831 4049 dampna
860 3967 1014 4048 supplere
1043 3975 1207 4047 quatenus
1237 3975 1270 4026 et
1301 3963 1416 4026 solaris

221 4058 353 4131 tempus
370 4050 491 4113 lunaris
507 4062 692 4133 exequetur
708 4053 861 4116 excursio
876 4052 1015 4115 embolis
1031 4071 1132 4133 quare
1149 4051 1185 4113 tit
1201 4060 1234 4113 et
1246 4051 1416 4132 quomodo

221 4135 257 4199 fit
273 4148 306 4199 et
331 4138 410 4218 quid
435 4147 523 4201 esset
547 4139 573 4200 si
599 4159 664 4202 non
688 4139 812 4203 luisset.
857 4138 1045 4220 Quomodo
1063 4140 1095 4202 id
1112 4148 1171 4201 est.
1186 4158 1270 4201 com.
1286 4146 1416 4200 comet

222 4222 306 4285 fiunt
333 4224 371 4285 ii0
393 4225 471 4286 anni
495 4225 618 4288 solares
634 4237 667 4290 et
683 4227 828 4289 resident
844 4227 919 4288 xxii
935 4227 1007 4289 dies
1022 4227 1064 4290 de
1080 4224 1210 4289 duobus
1225 4226 1321 4287 annis
1337 4225 1416 4287 solis

221 4310 271 4371 iii0
297 4330 386 4372 anno
410 4323 587 4393 supersunt
610 4315 722 4377 xxxiii
749 4314 820 4376 dies
847 4313 925 4375 solis
953 4312 989 4376 fit
1019 4312 1233 4375 embolismus
1264 4312 1298 4374 iii
1329 4331 1417 4374 anno

222 4395 328 4460 lunae.
355 4407 388 4459 et
413 4399 551 4480 deponit
574 4408 679 4463 xxxta
702 4401 773 4463 dies
797 4409 832 4464 et
855 4409 1031 4482 supersunt
1054 4400 1095 4462 iii.
1119 4409 1152 4463 et
1169 4398 1252 4461 fiunt
1267 4398 1419 4461 similiter

220 4505 304 4547 com.
320 4504 403 4548 com.
420 4486 487 4548 duo
503 4488 581 4549 anni
597 4489 779 4570 singulares
796 4488 827 4549 in
841 4488 891 4549 iii⁰
906 4507 995 4550 anno
1010 4487 1088 4565 lune
1100 4487 1188 4550 idem
1201 4485 1419 4549 embolismus
