3038 5106
240 344 287 395 180
340 347 421 396 XIII.
453 345 537 395 KAL.
568 345 642 397 IUL.
673 343 760 394 ΝΑΤ.
791 344 840 394 SS.
871 344 1055 396 GERUASII
1077 342 1136 393 Er
1157 342 1347 395 PROTASII.

768 514 905 579 Secreta.

281 615 421 678 Munera
437 614 496 677 tibi
512 615 647 677 domine
662 614 772 677 dicata
787 613 964 677 sanctifica.
974 624 1008 677 et
1018 614 1242 677 intercedente
1252 614 1359 676 beato
1372 613 1442 675 uito

239 711 382 783 martyre
413 711 471 764 tuo
502 722 560 783 per
588 703 706 764 eadem
738 721 798 764 nos
829 701 979 782 placatus
1004 701 1148 764 intende.
1176 722 1234 783 per
1260 700 1439 763 dominum

239 800 396 851 nostrum.

737 907 915 986 Praefatio.

281 1012 331 1076 (D
355 1022 488 1074 aeterne
502 1013 593 1075 deus.
629 1012 723 1073 Beati
740 1011 799 1073 uiti
823 1011 983 1091 martyrio
997 1010 1184 1092 gloriantes.
1201 1010 1253 1073 cui
1271 1010 1442 1073 admiran-

237 1100 315 1161 dam
342 1100 483 1180 gratiam
512 1100 544 1160 in
572 1108 685 1160 tenero
710 1099 818 1160 adhuc
843 1118 988 1180 corpore.
1012 1108 1046 1160 et
1071 1098 1213 1160 necdum
1241 1096 1328 1160 uirili
1348 1117 1440 1160 more

238 1196 376 1248 maturo
393 1186 549 1248 uirtutem
567 1184 651 1248 fidei.
675 1196 708 1247 et
732 1186 912 1266 patientiae
935 1184 1161 1248 fortitudinem
1185 1184 1341 1247 tribuisti.
1392 1184 1439 1248 Ut

236 1274 394 1335 saeuitiae
419 1273 635 1353 persecutoris
661 1292 726 1334 non
754 1272 885 1334 cederet
910 1273 1097 1334 constantia
1121 1271 1263 1353 puerilis
1290 1281 1324 1333 et
1354 1272 1439 1334 inter

236 1360 354 1422 acerba
370 1360 531 1441 supplicia
554 1379 614 1421 nec
637 1379 734 1421 sensu
763 1360 872 1439 potuit
897 1359 1017 1420 terreri.
1047 1358 1117 1420 Nec
1138 1358 1244 1439 frangi
1261 1367 1386 1421 aetate.
1403 1372 1439 1421 ut

235 1447 407 1528 gloriosior
423 1444 514 1508 fieret
530 1456 564 1508 et
579 1466 700 1508 corona
718 1447 873 1526 martyrii.
890 1456 923 1508 et
939 1446 1022 1507 ideo

687 1567 750 1628 Ad
759 1566 984 1647 conplendum.

279 1669 422 1741 lResecti
439 1671 572 1733 domine
588 1670 819 1732 benedictione
835 1669 1019 1752 sollempni.
1035 1689 1216 1751 quesumus
1265 1669 1324 1751 [ῑο.
1348 1672 1439 1733 128v.

235 1768 271 1820 ut
288 1778 346 1838 per
362 1759 629 1819 intercessionem
647 1758 751 1819 sancti
769 1757 828 1819 uiti
846 1757 1009 1819 medicina
1025 1757 1221 1819 sacramenti
1238 1766 1273 1818 et
1289 1760 1439 1839 corpori·

234 1843 295 1906 bus
312 1846 432 1906 nostris
448 1845 551 1925 prosit
566 1854 600 1906 et
617 1844 790 1907 mentibus
807 1863 866 1924 per
880 1844 1053 1906 dominum
1070 1853 1228 1905 nostrum.

350 2060 441 2108 xuu.
468 2046 559 2108 ΚΜ.
585 2047 661 2109 lus.
688 2045 844 2108 Names
868 2046 1105 2110 Snucronuu
1131 2046 1256 2108 Mauo
1283 2060 1333 2108 ur

695 2134 971 2196 Mancauumm.

276 2245 410 2306 Praesta
426 2265 606 2325 quesumus
629 2245 840 2325 omnipotens
863 2246 953 2307 deus
971 2254 1008 2307 ut
1031 2245 1088 2326 qui
1113 2255 1305 2308 sanctorum
1331 2248 1437 2309 marci

232 2341 265 2393 et
296 2333 496 2394 marcelliani
521 2331 674 2393 natalicia
697 2331 844 2394 colimus.
868 2352 888 2394 a
911 2332 1037 2395 cunctis
1061 2332 1155 2394 malis
1179 2332 1438 2397 imminentibus

232 2438 345 2480 eorum
363 2419 596 2481 intercessione
613 2418 795 2481 liberemur.
812 2439 877 2501 per.

762 2539 898 2602 Secreta.

276 2643 415 2704 Munera
431 2643 490 2703 tibi
508 2643 642 2704 domine
658 2643 768 2704 dicata
789 2641 965 2704 sanctifica.
983 2651 1016 2703 et
1033 2642 1314 2704 intercedentibus
1331 2643 1435 2707 beato

231 2749 342 2790 marco
372 2740 405 2790 et
436 2728 655 2791 marcelliano
688 2750 746 2810 per
776 2731 892 2792 eadem
923 2749 984 2791 nos
1014 2728 1165 2809 placatus
1196 2729 1341 2792 intende.
1375 2753 1436 2814 per

230 2817 402 2877 dominum
421 2827 580 2877 nostrum.

682 2936 744 2998 Ad
753 2936 977 3018 complendum.

274 3038 434 3101 Salutaris
461 3041 508 3102 tui
534 3041 668 3102 domine
695 3060 831 3102 munere
857 3041 968 3103 satiati
993 3039 1158 3122 supplices
1185 3059 1370 3105 exoramus
1396 3054 1433 3106 ut

229 3147 369 3207 quorum
387 3126 547 3189 laetemur
562 3138 661 3208 gustu
679 3147 876 3190 renouemur
892 3126 1020 3189 effectu.
1038 3147 1103 3207 per.

317 3342 394 3390 xm.
421 3330 509 3390 Kar..
538 3330 612 3391 luc.
637 3328 793 3477 NATAI¹JE
825 3328 1061 3392 Snxcronuu
1087 3327 1269 3392 Genunsu
1296 3345 1343 3393 ET

764 3429 920 3478 norasu.

274 3519 364 3580 Deus
389 3521 522 3599 quinos
549 3539 660 3580 annua
690 3529 880 3581 sanctorum
912 3529 1042 3581 tuorum
1073 3519 1213 3599 geruasii
1240 3529 1272 3581 et
1290 3522 1430 3601 protasii

228 3607 474 3686 sollempnitate
491 3605 656 3667 laetificas
673 3607 817 3667 concede
844 3607 1015 3686 propitius.
1032 3615 1067 3668 ut
1084 3625 1223 3686 quorum
1240 3609 1430 3687 gaudemus

229 3695 352 3754 meritis
369 3694 591 3755 accendamur
606 3693 778 3773 exemplis.
796 3713 861 3773 per.

803 3808 940 3870 Secreta.

272 3911 405 3973 Oblatis
435 3931 615 3992 quesumus
653 3910 788 3973 domine
826 3911 955 3993 placare
994 3912 1192 3974 muneribus
1224 3923 1257 3974 et
1289 3913 1430 3975 interce-

228 3998 425 4080 deu[tibus¹]
456 4000 579 4060 sanctis
611 4000 684 4061 tuis.
715 4019 736 4060 a
766 3999 892 4060 cunctis
924 4018 985 4060 nos
1014 3998 1156 4061 defende
1180 3999 1344 4080 periculis.
1371 4021 1430 4082 per

228 4087 410 4149 dominum.

747 4205 928 4285 Praefatio

272 4312 320 4373 tf)
360 4330 418 4391 per
447 4308 605 4370 christum
636 4308 808 4371 dominum
841 4320 1000 4371 nostrum.
1067 4308 1129 4371 Pro
1159 4310 1251 4371 cuius
1282 4311 1428 4373 nominis

227 4397 432 4460 consessione
463 4395 551 4458 beati
583 4406 744 4476 martyres
782 4396 951 4476 geruasius
989 4404 1023 4458 et
1060 4397 1224 4477 protasius
1262 4398 1361 4479 passi.
1393 4398 1427 4459 in

516 4508 527 4543 ¹
543 4513 666 4578 Syllables
677 4514 782 4564 omitted
793 4513 819 4562 in
832 4514 888 4563 MS.
903 4526 928 4563 at
940 4514 989 4564 end
1000 4513 1030 4564 ol
1037 4513 1095 4564 line.
