3038 5106
447 325 496 399 ur
519 348 607 401 aar.
638 350 1000 404 Euancacrsranum
1274 360 1322 413 ²3³

119 498 286 583 exemplis
301 498 524 565 informemur.
539 510 577 564 ut
601 500 643 564 ad
668 501 887 566 caelebranda
909 502 1096 587 praesentia
1111 501 1196 566 festa
1211 500 1321 565 idonei

122 586 336 652 inveniamur.
351 597 386 651 et
410 588 454 651 ad
481 596 615 652 aeterna
641 588 853 672 percipienda
878 609 993 653 eorum
1018 591 1205 653 interuentu
1227 587 1320 670 digni

123 674 311 738 iudicemur.
327 694 387 757 per
400 674 568 739 christum.

577 821 639 885 Ad
649 821 874 903 corrqtlendum.

166 928 310 1012 Sumpto
324 932 459 995 domine
474 942 683 996 sacramento
705 934 898 1017 suppliciter
917 934 1154 1016 depraecamur
1169 942 1204 995 ut
1222 933 1322 995 inter·

120 1015 315 1119 cedentibus
341 1018 448 1083 beatis
472 1019 632 1103 apostolis
656 1021 729 1083 tuis.
745 1021 834 1102 quod
862 1020 1089 1103 temporaliter
1109 1020 1260 1102 gerimus.
1277 1020 1319 1082 ad

121 1114 226 1168 urtam
242 1125 412 1188 capiamus
429 1116 606 1170 aeternam.
623 1128 689 1189 per.

306 1319 351 1382 Iu
377 1319 533 1384 Names
557 1322 818 1385 Peucinorum
842 1321 1134 1385 Arosrorouulr.

165 1443 257 1509 Deus
280 1449 337 1529 qui
362 1469 423 1512 nos
447 1470 557 1512 annua
582 1451 809 1532 apostolorum
834 1461 964 1513 tuorum
997 1451 1042 1513 ill.
1072 1449 1320 1532 sollempnitate

119 1530 286 1596 laetificas.
324 1546 456 1617 praesta
500 1556 678 1618 quesumus
715 1548 752 1600 ut
789 1557 929 1619 quorum
974 1538 1157 1619 gaudemus
1196 1536 1319 1599 meritis

119 1618 321 1684 instruamur
335 1624 507 1707 exemplis.
524 1644 583 1705 per
597 1624 778 1687 dominum.

652 1779 789 1842 Secreta.

165 1888 305 1953 Munera
320 1890 455 1954 domine
477 1912 562 1973 quae
585 1912 646 1973 pro
668 1891 894 1974 apostolorum
918 1900 1050 1955 tuorum
1071 1889 1319 1972 sollempnitate

118 1973 307 2039 deserimus.
324 1979 485 2060 propitius
500 1979 637 2060 suscipe.
654 1988 688 2042 ct
705 1979 792 2041 mala
801 1980 913 2041 omnia
923 1998 1008 2059 quae
1020 1998 1184 2040 meremur
1198 1987 1318 2040 auerte.

118 2081 186 2145 per.

631 2201 812 2280 Praefatio.

165 2311 230 2389 lii)
240 2319 373 2375 aeterne
385 2313 474 2375 deus.
521 2311 586 2394 Qui
599 2314 791 2376 aecclesiam
804 2323 896 2377 tuam
910 2314 942 2376 in
959 2313 1142 2395 apostolica
1158 2312 1214 2395 [so.
1229 2314 1318 2376 168v.

119 2396 288 2462 soliditate
304 2398 450 2463 firmasti.
465 2399 507 2462 de
520 2420 660 2481 quorum
676 2402 842 2463 consortio
857 2410 933 2463 sunt
950 2400 1038 2463 beati
1055 2401 1197 2482 apostoli
1213 2401 1259 2462 tui
1274 2399 1318 2462 ill.

118 2504 260 2567 quorum
277 2487 439 2568 passionis
464 2486 552 2549 diem
579 2487 698 2550 festum
724 2487 948 2550 caelebramus
976 2497 1150 2568 poscentes
1174 2497 1210 2550 ut
1235 2489 1319 2549 sicut

118 2591 234 2634 eorum
251 2572 408 2635 doctrinis
424 2574 621 2637 instruimur.
638 2576 685 2636 ita
700 2575 864 2656 exemplis
887 2576 1079 2637 muniamur.
1096 2584 1130 2636 et
1147 2574 1318 2657 praecibus

119 2658 322 2723 adiuuemur.
339 2680 397 2742 per
411 2661 577 2723 christum.

573 2798 634 2860 Ad
644 2798 868 2879 corrqtlendum.

163 2905 352 2990 Quesumus
382 2909 517 2972 domine
547 2909 745 2973 salutaribus
770 2910 885 2991 repleti
914 2910 1087 2991 mysteriis
1113 2919 1150 2973 ut
1176 2930 1316 2991 quorum

117 2992 317 3076 sollempnia
353 2996 586 3060 caelebramus
626 3017 740 3060 eorum
778 2997 981 3059 orationibus
1019 2998 1222 3060 adiuuemur.
1261 3019 1319 3080 per

116 3080 292 3145 dominum
309 3091 466 3146 nostrum.

410 3325 453 3387 lu
480 3326 636 3389 Names
661 3326 1024 3391 Eunuoeersmuurr.

163 3449 357 3533 Magnificet
381 3462 415 3516 te
439 3454 573 3517 domine
600 3456 705 3517 sancti
731 3456 778 3518 tui
809 3456 854 3517 ill.
881 3455 1106 3537 euangelistae
1130 3455 1229 3530 beata
1252 3456 1316 3518 sol-

116 3536 304 3619 lempnitas.
320 3560 380 3620 per
403 3560 503 3621 quam
532 3542 576 3603 illi
604 3542 743 3624 gloriam
769 3543 1013 3625 sempitenram.
1040 3552 1074 3605 et
1097 3563 1195 3624 opem
1220 3543 1316 3605 nobis

117 3623 276 3689 ineffabili
292 3627 500 3708 prouidentia
516 3629 692 3691 contulisti.
709 3650 774 3712 per.

646 3781 783 3845 Secreta.

159 3888 291 3955 Altaria
305 3899 364 3954 tua
385 3892 520 3955 domine
542 3894 732 3957 ueneranda
754 3913 829 3955 cum
854 3892 970 3956 hostiis
997 3893 1104 3957 laudis
1129 3894 1315 3957 accumula·

116 3995 199 4041 mus.
230 3976 282 4041 lac
311 3998 499 4061 quesumus.
530 3988 567 4043 ut
597 3989 631 4042 et
662 3980 903 4062 indulgentiam
941 3979 1037 4044 nobis
1075 3981 1250 4064 optineant
1281 3991 1315 4045 ct

113 4061 271 4128 fauorem.
285 4084 353 4147 per.

626 4204 806 4286 Praefatio.

158 4312 209 4379 (D
225 4320 359 4378 aeterne
373 4314 463 4379 deus.
478 4315 535 4397 qui
558 4315 751 4383 aecclesiam
776 4324 867 4379 tuam
888 4316 1091 4398 sempiterna
1106 4317 1232 4399 pietate
1247 4337 1314 4381 non

111 4400 269 4467 deserens
293 4420 354 4485 per
376 4401 603 4485 euangelistae
627 4408 675 4470 tui
701 4405 887 4471 doctrinam
914 4404 1035 4485 iugiter
1057 4423 1132 4467 eam
1154 4404 1265 4468 erudis
1280 4413 1314 4468 et

111 4486 268 4573 protegis
282 4496 319 4553 et
333 4488 417 4553 ideo.
