3038 5106
540 378 639 429 oneo
663 378 906 428 arenarum
1285 390 1318 437 m

165 530 356 594 Descendat
386 530 418 593 in
449 528 536 593 hanc
566 529 808 611 plenitudinem
840 528 947 591 sontis.
965 529 1069 591 uirtus
1099 529 1233 611 spiritus
1258 532 1314 593 tui.

119 630 140 681 t·
148 630 294 699 »tamque
310 618 406 681 liuius
423 637 529 699 aquae
544 615 765 679 substantiam
782 615 997 697 regenerandi
1015 615 1169 679 secundet
1185 616 1314 679 effectu.

119 706 174 767 liic
203 706 352 767 omnium
384 713 596 785 peccatorum
635 702 784 765 maculae
822 703 1001 765 deleantur.
1031 704 1084 765 hic
1118 714 1235 765 natura
1272 704 1315 765 ad

121 793 301 873 imaginem
319 802 410 853 tuam
428 792 571 853 condita.
587 799 620 853 et
644 791 685 853 ad
709 791 869 852 honorem
893 790 942 852 sui
966 789 1142 852 reformata
1157 791 1316 871 principii.

120 880 249 941 cunctis
272 880 447 941 uetustatis
473 877 681 959 squaloribus
708 876 912 939 emundetur.
937 887 974 938 ut
1000 879 1108 939 omnis
1131 878 1231 939 homo
1254 878 1316 939 hoc

120 976 364 1028 sacramentum
381 965 638 1046 regenerationis
648 965 813 1045 ingressus
830 965 862 1024 in
879 985 955 1025 uere
971 965 1178 1027 innocentiae
1194 984 1316 1026 nouam

122 1052 296 1115 infantiam
315 1063 511 1114 renascatur.
528 1072 594 1134 per.

166 1140 235 1201 Hic
242 1140 356 1201 mittas
369 1140 489 1200 crisma
505 1140 539 1201 t'n
556 1137 685 1199 airadum
695 1137 798 1199 crucis
811 1146 843 1198 ct
856 1138 1035 1199 coinrnr‘sccs
1049 1159 1121 1200 cum
1137 1138 1206 1219 ipsa
1221 1160 1316 1219 aqna.

120 1236 152 1287 rt
168 1226 340 1307 interroget
348 1226 509 1306 presbiter
516 1226 596 1307 quid
608 1225 740 1287 uocarr's.
786 1226 841 1306 ld}

168 1312 282 1377 Credis
315 1315 346 1375 in
378 1315 477 1376 deum
508 1323 637 1394 patrem
668 1312 933 1394 omnipotentem
964 1322 1146 1375 creatorem
1177 1312 1257 1375 caeli
1285 1326 1318 1375 et

120 1406 250 1463 terrae?

168 1488 210 1568 Rt.
257 1488 365 1551 Credo

169 1575 284 1637 Credis
300 1585 333 1636 et
350 1575 382 1635 in
400 1574 504 1636 iesum
521 1572 679 1635 christum
696 1572 801 1635 tilium
818 1572 888 1634 eius
908 1573 1040 1635 unicum
1054 1573 1226 1636 dominum
1244 1596 1317 1637 nos-

124 1671 213 1722 trum
230 1662 287 1742 qui
303 1671 483 1742 conceptus
499 1671 549 1722 cst
566 1662 609 1722 de
623 1661 739 1742 spiritu
751 1670 875 1722 sancto.
893 1672 990 1721 natus
1007 1682 1050 1722 ex
1063 1661 1166 1722 maria
1182 1662 1319 1743 uirgine.

124 1768 244 1829 passus
274 1747 336 1810 sub
366 1749 482 1829 pontio
512 1748 624 1829 pilato.
649 1746 825 1808 crucifixus
851 1758 999 1809 mortuus
1023 1758 1055 1810 et
1078 1748 1236 1829 sepultus
1262 1754 1319 1811 de-

124 1835 255 1897 scendit
281 1836 323 1897 ad
350 1834 475 1896 inferna
502 1836 599 1896 tertia
623 1834 678 1895 dia
702 1835 879 1896 resurrexit
914 1857 935 1896 a
967 1836 1112 1897 mortuis.
1157 1834 1320 1899 Ascendit

125 1922 170 1983 ad
201 1920 317 1983 caelos.
349 1922 442 1983 sedet
470 1922 512 1983 ad
544 1922 718 1984 dexteram
751 1922 804 1983 dei
836 1922 938 2002 patris
966 1922 1213 2003 omnipotentis.
1245 1924 1321 1985 inde

126 2018 286 2071 uenturus
302 2018 352 2070 est
369 2006 625 2092 iudicares'uiuos
641 2018 674 2070 et
691 2013 862 2071 mortuos?
1176 2009 1233 2091 [so
1249 2010 1321 2071 odi-z

173 2094 290 2158 Credo.

171 2182 287 2245 Credis
303 2193 335 2244 et
353 2182 384 2243 in
401 2183 553 2263 spiritum
572 2192 723 2244 sanctum
741 2191 889 2243 sanctam
907 2181 1099 2244 aecclesiam
1116 2183 1322 2245 catholicam.

126 2279 316 2331 sanctorum
333 2270 601 2331 communionem
619 2270 844 2331 remissionem
862 2282 1083 2349 peccatorum.
1100 2271 1206 2331 carnis
1220 2291 1323 2332 resur-

127 2356 308 2418 rectionem
320 2366 353 2417 et
370 2357 473 2418 uitam
488 2365 669 2422 aeternam.

175 2443 217 2521 ld.
263 2441 378 2506 Credo.

175 2528 237 2592 Uis
251 2525 448 2609 baptizare.†

177 2616 217 2695 ¹5⁷·
265 2615 361 2679 Uolo.

176 2702 301 2765 Deinde
318 2702 463 2783 baptizat
475 2702 620 2764 sacerdos
641 2702 701 2764 sub
726 2702 817 2764 trina
844 2701 1000 2764 mersione
1024 2711 1154 2764 tantum
1179 2713 1325 2765 satiatum

129 2790 312 2851 trinitatem
328 2790 427 2851 semel
438 2790 602 2851 inuncans.

176 2875 222 2939 Et
237 2896 300 2957 ego
316 2877 451 2958 baptizo
467 2888 499 2940 tc
516 2877 548 2939 in
567 2875 700 2938 nomine
716 2875 826 2959 patris.

176 2962 223 3025 Et
238 2974 370 3045 nrergut.

177 3050 223 3113 Et
239 3048 303 3112 filii.

176 3136 210 3197 E
211 3147 226 3199 t
240 3146 366 3217 ntergat
381 3138 506 3199 iterum.

177 3223 224 3287 Et
239 3225 372 3305 spiritus
392 3224 506 3287 sancti.

178 3310 210 3372 E
211 3319 226 3372 t
236 3320 362 3392 mergat
376 3311 476 3373 tertie.

183 3396 229 3460 Ut
242 3408 351 3459 aretem
365 3396 545 3459 surrexerit
565 3416 587 3457 a
601 3396 696 3475 fonte
711 3396 824 3477 faciat
841 3398 1001 3477 presbiter
1022 3401 1153 3479 signum
1175 3400 1278 3462 crucis
1292 3400 1330 3461 de

132 3484 307 3547 chrismate
321 3504 393 3545 cum
406 3484 514 3563 pollice
532 3484 566 3545 in
583 3485 698 3545 uertice
709 3484 779 3546 cius
793 3494 824 3545 et
837 3484 925 3545 dicat
939 3487 1114 3548 orationem
1130 3485 1220 3550 lrrznc.

182 3572 273 3633 Deus
309 3572 520 3652 omnipotens
550 3582 645 3652 pater
673 3571 799 3633 domini
831 3573 932 3633 nostri
965 3572 1032 3633 iesu
1062 3572 1183 3637 christi.
1210 3576 1265 3655 qui
1297 3584 1330 3636 te

135 3659 342 3739 regenerauit
365 3678 409 3719 cx
434 3678 520 3739 aqua
547 3669 581 3719 et
606 3658 722 3738 spiritu
746 3668 869 3719 sancto
886 3659 1009 3739 quique
1024 3660 1117 3721 dedit
1133 3662 1192 3722 tibi
1216 3664 1329 3722 remis-

135 3746 262 3807 sionem
290 3746 440 3807 omnium
466 3755 687 3827 peccatorum.
712 3745 782 3826 ipse
808 3754 840 3806 te
868 3745 940 3808 linit
963 3746 1118 3808 crismate
1148 3749 1263 3809 salutis
1296 3750 1328 3809 in

136 3832 240 3894 uitam
258 3842 434 3893 aeternam.
481 3831 605 3893 Amen.

180 3918 228 3981 lit
241 3919 382 3981 uestitur
395 3918 509 3998 elefans
524 3919 572 3979 ila
587 3919 724 3981 dt'cerrdo.

182 4004 308 4087 Accipe
330 4017 457 4067 uestem
480 4007 656 4068 candidam
685 4026 801 4087 puram
825 4016 859 4068 et
882 4005 1117 4069 inmaculatam
1141 4028 1240 4089 quam
1259 4031 1330 4089 per-

138 4090 223 4155 ieras
238 4103 317 4155 ante
340 4092 484 4155 tribunal
507 4093 634 4154 domini
660 4094 762 4154 nostri
798 4093 865 4154 iesu
893 4092 1005 4155 christi
1022 4091 1072 4166 etl
1087 4094 1211 4158 habeas
1227 4098 1329 4158 uirum

138 4191 307 4242 aeternam
323 4190 357 4242 et
373 4180 467 4241 uiuas
483 4180 514 4240 in
531 4178 663 4241 saecula
679 4181 891 4241 saeculorum.
937 4179 1059 4242 Amen.

185 4265 321 4343 erando
331 4265 433 4327 datur
446 4264 560 4327 candel
580 4311 587 4326 .

180 4352 308 4435 Accipe
330 4352 521 4436 lampadem
547 4373 648 4434 quam
673 4363 706 4415 ct
733 4351 1078 4434 inrepraehensibilem
1106 4356 1272 4419 custodias
1298 4372 1332 4419 ut

363 4560 371 4593 ¹
389 4564 445 4615 Tre
456 4564 592 4617 indication
603 4564 633 4615 os
645 4564 688 4615 the
699 4580 773 4616 name
784 4564 806 4615 is
817 4566 921 4615 omitted
934 4566 959 4615 in
972 4566 1014 4617 the
1026 4568 1083 4619 MS.

1133 4650 1159 4699 ll
1185 4653 1203 4699 2
