3038 5106
534 345 638 397 SABB.
657 346 707 396 ΙΝ
725 345 792 396 XII.
819 343 1080 398 Lucrlomws

739 523 877 589 Secreta.

250 626 472 703 Sacrificium†
487 627 623 691 domine
648 646 828 710 quesumus
844 627 1006 711 propitius
1022 627 1086 690 ista
1101 647 1163 690 nos
1178 625 1310 691 saluent
1321 646 1411 710 quae

207 716 458 779 medicinalibus
474 725 551 779 sunt
567 716 719 779 instituta
735 717 870 778 ieiuniis.
887 736 946 799 per
960 716 1133 779 dominum
1149 723 1310 778 nostrum.

715 842 896 924 Praefatio.

250 953 315 1037 sd)
340 965 452 1018 eterne
472 955 562 1018 deus
607 953 696 1037 Quia
719 964 948 1036 competenter
969 963 1070 1036 atque
1089 953 1264 1017 salubriter
1284 954 1340 1037 [so.
1356 967 1409 1033 45.

208 1043 359 1123 religiosa
383 1051 460 1105 sunt
483 1042 578 1104 nobis
602 1043 753 1105 instituta
776 1043 904 1105 ieiunia
933 1051 969 1105 ut
992 1062 1169 1123 corporeae
1194 1043 1411 1106 iocunditatis

207 1129 431 1192 inmoderatas
457 1149 666 1192 coerceamus
692 1129 881 1192 inlecebras.
928 1129 973 1191 Et
1010 1137 1140 1205 terrene
1176 1129 1412 1192 delectationis

208 1216 383 1278 insolentia
396 1215 559 1279 refrenata
568 1217 680 1298 purior
691 1226 790 1297 atque
801 1215 1007 1297 tranquillior
1018 1216 1185 1298 appetitus
1196 1217 1238 1280 ad
1251 1215 1412 1278 caelestia

205 1302 465 1385 contemplanda
475 1303 632 1383 mysteria
645 1301 791 1366 fidelium
803 1303 959 1365 reddatur
968 1303 1162 1365 animarum.
1174 1323 1232 1385 per
1246 1301 1410 1366 christum

207 1391 380 1454 dominum
396 1400 555 1454 nostrum.

653 1489 715 1551 Ad
726 1488 950 1570 complendum.

250 1593 399 1655 Tuorum
416 1611 477 1654 nos
493 1591 628 1655 domine
640 1591 793 1673 largitate
808 1593 972 1656 donorum
988 1600 1022 1656 et
1037 1590 1276 1676 temporalibus
1292 1591 1412 1656 attolle

209 1680 388 1764 praesidiis,
404 1688 437 1742 et
454 1699 577 1742 renoua
592 1679 808 1762 sempiternis.
821 1700 886 1762 per.

670 1811 778 1894 Super
779 1813 942 1895 populum.

252 1924 307 1988 Da
322 1944 502 2006 quesumus
525 1923 660 1987 domine
676 1924 807 2008 populis
830 1924 1023 1988 christianis.
1047 1933 1082 1988 et
1103 1945 1189 2006 quae
1211 1924 1412 2007 profitentur

208 2032 387 2088 aqnoscere
421 2021 454 2074 et
485 2011 626 2076 caeleste
656 2032 776 2075 munus
805 2012 942 2095 diligere
971 2013 1060 2094 quod
1092 2010 1312 2095 frequentant
1351 2033 1412 2095 per

209 2100 381 2163 dominum
399 2109 556 2162 nostrum.

712 2275 831 2339 Furem
846 2276 909 2340 Vl.

252 2412 383 2474 Adesto
407 2411 542 2474 domine
566 2409 729 2492 propitius
756 2410 844 2494 plebi
871 2421 956 2474 tuae.
979 2420 1013 2473 et
1037 2430 1138 2492 quam
1163 2410 1224 2474 tibi
1240 2408 1322 2474 facis
1338 2430 1411 2474 esse

208 2499 366 2561 deuotam
383 2499 527 2581 benigno
543 2497 655 2560 refoue
671 2498 844 2561 miseratus
861 2498 994 2562 auxilio,
1010 2519 1076 2581 per.

743 2626 879 2690 Secreta.

255 2729 392 2812 Suscipe
416 2750 597 2811 quesumus
619 2730 755 2792 domine
771 2750 908 2793 munera
931 2731 1051 2793 nostris
1068 2730 1181 2795 oblata
1204 2730 1355 2795 seruitiis.
1377 2739 1411 2792 et

210 2825 268 2879 tua
283 2818 446 2901 propitius
463 2817 551 2879 dona
567 2816 745 2881 sanctifica.
760 2837 820 2899 per
836 2818 1018 2881 dominum.

724 2945 905 3026 Praefatio

256 3059 306 3122 ff)
326 3067 458 3120 aeterne
479 3058 570 3120 deus,
595 3135 598 3142 Ι
617 3056 683 3139 Qui
708 3059 819 3121 ieiunii
841 3057 1077 3121 obseruatione
1099 3067 1134 3121 et
1154 3057 1408 3121 elemosinarum

211 3147 401 3227 gratissima
425 3145 600 3226 largitione
625 3165 685 3206 nos
711 3145 851 3207 docuisti
877 3156 1062 3207 nostrorum
1088 3147 1246 3227 consequi
1265 3145 1411 3208 remedia

213 3241 434 3314 peccatorum.
497 3231 597 3295 Unde
639 3240 732 3293 tuam
775 3231 990 3313 imploramus
1029 3231 1249 3295 clementiam.
1289 3243 1327 3295 ut
1362 3232 1411 3294 his

211 3319 505 3381 obseruationibus
519 3327 553 3379 et
565 3319 681 3380 ceteris
697 3318 859 3380 bonorum
870 3339 1006 3400 operum
1020 3319 1282 3382 exhibitionibus
1294 3319 1411 3381 muniti

212 3428 251 3468 ea
266 3426 447 3486 operemur.
464 3404 584 3486 quibus
596 3407 638 3467 ad
655 3417 788 3468 aeterna
804 3407 927 3486 gaudia
936 3406 1169 3487 consequenda
1179 3416 1213 3469 et
1224 3426 1301 3487 spes
1317 3407 1412 3468 nobis

213 3502 368 3575 suppetat
384 3502 418 3553 et
431 3492 578 3555 facultas,
594 3513 653 3573 per
668 3493 835 3556 christum.

660 3620 723 3683 Ad
729 3620 955 3701 complendum.

258 3720 320 3782 Per
334 3719 430 3782 huius
443 3719 577 3782 domine
589 3720 816 3801 operationem
829 3720 976 3801 mysterii
988 3728 1022 3782 et
1031 3720 1112 3784 uitia
1122 3719 1250 3804 [nostra
1268 3718 1325 3806 [so.
1340 3733 1412 3801 45v.

212 3818 402 3889 purgentur.
419 3818 453 3869 et
464 3808 549 3869 iusta
565 3808 728 3870 desideria
745 3807 954 3888 impleantur.
971 3828 1037 3890 per.

676 3925 786 4007 Super
790 3927 953 4008 populum.

258 4029 395 4092 Exaudi
412 4050 472 4091 nos
488 4029 671 4091 misericors
696 4031 777 4092 deus
802 4039 836 4092 et
863 4029 1030 4093 mentibus
1055 4029 1177 4092 nostris
1204 4030 1313 4112 gratie
1338 4039 1413 4094 tuae

214 4116 325 4179 lumen
343 4117 488 4180 ostende.
505 4136 563 4197 per
578 4117 752 4179 dominum
770 4127 928 4181 nostrum.

536 4273 707 4339 Sassnro
724 4288 765 4338 ru
783 4289 849 4339 xn.
867 4275 1131 4340 Lacmorusus

260 4402 421 4486 Populum
438 4411 533 4465 tuum
550 4423 730 4484 quesumus
753 4404 889 4467 domine
912 4405 1077 4487 propitius
1099 4403 1232 4488 respice.
1257 4413 1358 4486 atque
1373 4401 1415 4465 ab

213 4510 254 4552 eo
271 4490 401 4571 flagella
417 4499 494 4553 tuae
507 4492 697 4557 iracundiae
712 4491 892 4556 clementer
907 4501 1027 4556 auerte.
1044 4511 1110 4575 per.
