3038 5106
418 365 510 417 Doal.
537 366 560 415 J.
584 364 681 415 POST
702 366 778 416 ocT
808 365 987 417 PASCHAE.

659 586 750 650 Alrir.

147 692 240 755 Deus
276 691 333 773 qui
372 711 432 773 pro
470 690 578 753 salute
616 689 732 752 mundi
769 688 964 752 sacrificium
1003 690 1159 772 paschale
1193 691 1306 758 fecisti.

97 780 281 863 propitiare
311 778 611 861 supplicationibus
648 777 778 839 nostris.
804 786 840 838 ut
874 777 1085 859 interpellans
1112 799 1172 860 pro
1210 781 1305 843 nobis

97 867 256 949 pontifex
272 885 431 929 summus
448 885 509 927 nos
532 884 591 947 per
614 864 646 926 id
663 863 753 945 quod
778 864 880 925 nostri
897 875 947 926 cst
969 865 1085 927 similis
1109 867 1306 931 reconciliet.

98 975 162 1037 per
177 954 210 1017 id
227 954 318 1034 quod
334 953 394 1016 tibi
417 963 469 1015 est
491 950 638 1033 aequalis
660 951 821 1014 absoluat.
847 952 932 1013 iesus
955 952 1095 1014 christus
1118 951 1205 1015 filius
1228 963 1304 1016 tuus

97 1042 259 1103 dominus
274 1049 394 1103 noster.
411 1040 469 1122 qui
485 1048 603 1101 tecum.

656 1175 747 1239 Alz'a.

145 1294 239 1356 Deus
253 1290 391 1355 humani
414 1290 544 1371 generis
566 1290 720 1351 conditor
735 1298 769 1350 et
793 1288 989 1370 redemptor.
1007 1289 1049 1351 da
1073 1310 1252 1370 quesumus
1267 1301 1305 1354 ut

96 1380 316 1463 reparationis
361 1388 493 1440 nostrae
538 1376 659 1439 collata
693 1374 841 1437 subsidia
892 1387 925 1439 te
960 1377 1078 1458 iugiter
1123 1377 1303 1459 inspirante

96 1476 273 1530 sectemur.
289 1486 355 1548 per.

654 1575 743 1638 Alia.

143 1690 282 1774 Repelle
297 1689 666 1771 domineconscriptum
683 1689 809 1769 peccati
824 1688 897 1769 lege
913 1688 1173 1771 cyrogralphum
1185 1690 1240 1771 [so.
1253 1694 1303 1768 78.

98 1778 193 1861 quod
232 1778 264 1841 in
303 1777 400 1839 nobis
430 1776 553 1858 pascali
585 1777 754 1857 mysterio.
785 1796 844 1858 per
875 1776 1145 1838 resurrectionem
1173 1778 1219 1840 tui
1247 1778 1305 1841 filii

100 1866 252 1929 uacuisti.
273 1883 332 1947 per
347 1864 530 1927 dominum.

655 1973 746 2041 Alia.

146 2086 301 2151 Gaudeat
338 2086 474 2149 domine
511 2084 605 2167 plebs
652 2084 765 2148 fidelis.
801 2095 834 2148 et
872 2105 947 2147 cum
996 2088 1146 2168 propriae
1193 2090 1305 2152 recolit

100 2174 296 2239 saluationis
312 2174 458 2237 exordia
470 2174 539 2235 eius
555 2184 734 2255 proueatur
749 2174 944 2254 augmentis.
960 2193 1019 2254 per
1033 2175 1217 2237 dominum.

657 2334 750 2397 Alia.

148 2450 241 2513 Deus
256 2448 312 2531 qui
329 2469 390 2512 nos
406 2448 510 2512 fecisti
527 2446 688 2510 hodierna
703 2447 757 2509 dic
769 2447 937 2529 paschalia
948 2448 1031 2512 festa
1044 2449 1238 2515 caelebrare.
1255 2451 1305 2514 fac

102 2560 165 2603 nos
176 2556 358 2619 quesumus
375 2538 407 2599 in
424 2535 556 2599 caelesti
573 2554 676 2616 regno
691 2535 846 2616 gaudere.
863 2556 928 2616 per.

321 2786 519 2850 Dounucs
548 2785 572 2847 1.
592 2785 686 2848 Posr
710 2782 882 2848 Ocranas
907 2786 1086 2849 Pascnsn.

147 2928 242 2991 Deus
263 2926 319 3009 qui
351 2926 383 2987 in
415 2924 472 2988 filii
503 2924 550 2986 tui
575 2922 764 2987 humilitate
787 2924 949 2986 iacentem
974 2926 1135 2988 mundum
1159 2929 1303 2993 erexisti.

102 3014 257 3079 fidelibus
280 3014 346 3077 tuis
376 3021 570 3095 perpetuam
601 3012 746 3073 concede
769 3010 937 3073 laetitiam.
961 3022 997 3074 ut
1020 3032 1103 3093 quos
1127 3027 1307 3096 perpetuae

99 3102 221 3253 gumtis
250 3100 397 3182 eripuisti
421 3097 559 3163 casibus.
582 3099 713 3180 gaudiis
737 3097 837 3160 facias
860 3100 1069 3180 sempiternis
1093 3099 1221 3181 perfrui.
1248 3125 1307 3185 per

125 3208 288 3253 ominum.

635 3312 772 3377 Secreta.
824 3292 831 3311 ⁹

147 3428 419 3493 Benedictionem
432 3426 568 3490 domine
583 3427 678 3489 nobis
701 3426 849 3489 conferat
865 3425 1043 3488 salutarem
1060 3448 1153 3489 sacra
1175 3450 1307 3512 semper

103 3516 239 3581 oblatio.
262 3526 300 3579 ut
321 3516 412 3597 quod
435 3514 505 3597 agit
529 3514 689 3596 mysterio
712 3514 834 3576 uirtute
864 3512 1019 3595 perficiat.
1050 3535 1108 3596 per
1132 3517 1304 3580 dominum

104 3616 264 3668 nostrum.

608 3724 789 3804 Praey‘atrb.

148 3842 200 3905 d)
229 3850 363 3903 aeterne
391 3838 482 3901 deus.
526 3837 572 3901 Et
610 3838 794 3899 inmensam
833 3836 993 3900 bonitatis
1031 3847 1108 3900 tuae
1146 3840 1305 3919 pietatem

103 3927 273 3992 humiliter
286 3946 434 3989 exorare.
450 3936 486 3988 ut
503 3924 722 4007 ignorantiam
741 3933 872 3986 nostrae
885 3924 1096 3987 mortalitatis
1113 3926 1306 3990 adtendens,

103 4034 149 4077 ex
165 4026 227 4081 tua
246 4013 461 4095 inspiratione
475 4032 536 4075 nos
560 4010 661 4073 facias
677 4010 845 4092 postulare
868 4013 958 4093 quod
984 4022 1108 4074 rectum
1125 4022 1183 4075 est.
1200 4023 1233 4074 et
1250 4024 1307 4077 tua

104 4102 282 4165 clementia
327 4098 453 4163 tribuas
493 4099 671 4182 impetrare
715 4098 805 4179 quod
835 4099 1012 4179 poscimus.
1050 4119 1109 4181 per
1147 4098 1306 4164 christum

103 4190 278 4253 dominum
294 4196 453 4251 nostrum.

557 4312 621 4377 Ad
635 4310 860 4393 cornplendm

151 4430 289 4495 Praesta
316 4446 500 4511 quesumus
527 4425 740 4507 omnipotens
775 4426 856 4489 deus
893 4435 930 4488 ut
960 4426 1193 4492 uiuificationis
1231 4441 1308 4495 tuae

108 4518 253 4601 gratiam
266 4524 517 4599 consequentes.
534 4514 567 4577 in
583 4522 643 4577 tuo
658 4533 790 4595 semper
805 4533 941 4577 munere
956 4514 1140 4597 gloriemur.
1159 4537 1225 4599 per.
