3038 5106
151 365 198 403 202
410 349 509 401 a'llll.
538 348 622 401 KAL.
650 349 752 400 SEPT.
780 348 868 400 ΝΑΤ.
895 350 923 401 S.
951 348 1086 399 MAGNI.

730 500 868 567 Secreta.

196 616 290 679 Beati
313 614 465 678 laurentii
500 614 654 695 martyris
684 613 913 677 honorabilem
944 613 1147 697 [passionem
1180 612 1238 696 [fo.
1267 630 1354 691 144t·.

151 702 341 765 muneribus
368 702 503 765 domine
540 702 718 782 geminatis
754 702 962 782 exequimur.
999 721 1086 781 quae
1112 701 1189 764 licet
1213 702 1356 783 propriis

150 790 193 851 sit
211 791 426 852 memoranda
442 789 619 871 principiis,
637 786 860 852 indesinenter
876 797 988 851 tamen
1011 798 1186 870 permanet
1200 788 1357 869 gloriosa

150 896 216 957 per.

670 995 849 1076 Praefatio.

195 1110 245 1172 (f)
284 1119 416 1171 aeterne
447 1110 537 1171 deus.
585 1110 677 1172 Beati
709 1108 860 1170 laurentii
891 1106 1047 1170 natalicia
1080 1117 1282 1188 repetentes,
1307 1107 1360 1170 cui

151 1195 250 1259 fidem
268 1195 575 1276 confessionemque
591 1197 676 1277 ignis
693 1196 855 1277 passionis
872 1195 1019 1276 ingestus
1041 1214 1107 1255 non
1131 1194 1285 1257 abstulit.
1302 1196 1361 1257 sed

150 1303 225 1345 eum
240 1296 276 1345 ut
295 1285 400 1363 magis
417 1283 539 1345 luceret
563 1283 722 1345 accendit.
769 1281 936 1363 Quoniam
960 1283 1045 1343 sicut
1068 1301 1186 1344 aurum
1211 1281 1364 1343 flammis

151 1390 217 1431 non
248 1371 353 1432 uritur
382 1371 440 1432 sed
472 1370 639 1451 probatur.
670 1370 716 1432 sic
748 1367 864 1431 beatus
896 1380 1022 1449 martyr
1053 1388 1119 1429 non
1146 1369 1364 1431 consumitur

151 1466 391 1519 tormentorum
417 1457 584 1520 incendiis.
609 1457 666 1519 sed
691 1465 826 1538 aptatur
847 1454 1045 1518 caelestibus
1067 1457 1280 1519 ornamentis
1304 1475 1366 1537 per

150 1545 309 1606 christum
326 1544 499 1606 dominum
517 1554 676 1607 nostrum.

597 1664 629 1726 A
635 1664 661 1726 d
678 1662 903 1744 conrplendum.

196 1767 397 1847 Sollernpnis
414 1767 509 1828 nobis
526 1768 715 1829 intercessio
731 1766 818 1827 beati
837 1766 987 1828 laurentii
1002 1766 1156 1846 martyris
1172 1785 1367 1847 quesumus

150 1855 286 1917 domine
303 1863 447 1934 praestet
462 1853 632 1915 auxilium.
649 1864 686 1915 ut
701 1853 851 1915 caelestis
869 1873 1002 1914 mensae
1019 1853 1232 1933 participatio
1257 1875 1365 1936 quarn

150 1942 352 2022 sumpsimus
386 1940 510 2002 tribuat
540 1941 698 2003 ecclesiae
736 1951 813 2002 tuae
851 1940 1045 2002 recensitam
1085 1940 1261 2004 laetitiam.
1302 1964 1367 2025 per

150 2029 325 2091 dominum
343 2037 501 2089 nostrum.

220 2224 277 2274 xv.
303 2211 394 2273 Kar.
419 2210 521 2274 Seer.
547 2212 703 2275 Nn'mnu
728 2213 869 2277 Sauerr
893 2214 1054 2276 Acmurr
1080 2212 1294 2276 Msnrrms.

196 2324 354 2386 Laetetur
378 2323 536 2387 aecclesia
563 2335 621 2386 tua
644 2327 724 2387 deus
741 2326 828 2387 beati
853 2327 977 2408 agapiti
995 2326 1148 2407 martyris
1165 2326 1213 2387 tui
1231 2325 1366 2389 confisa

149 2409 323 2491 suffragiis.
340 2422 440 2491 atque
464 2411 534 2472 eius
559 2412 730 2493 praecibus
753 2414 904 2493 gloriosis
920 2424 954 2475 et
969 2413 1092 2474 deuota
1108 2424 1310 2493 permaneat
1329 2425 1365 2476 et

149 2517 265 2559 secura
281 2498 447 2559 consistat.
465 2518 530 2579 per.

685 2627 821 2689 Secreta.

196 2729 333 2809 Suscipe
361 2730 495 2791 domine
527 2749 663 2793 munera
688 2751 773 2810 quae
805 2731 836 2791 in
864 2731 933 2791 eius
965 2730 1024 2793 tibi
1051 2730 1363 2812 sollempnitatem†

150 2814 337 2877 deferimus.
363 2818 454 2877 cuius
480 2815 685 2881 confidimus.
713 2818 897 2899 patrocinio
929 2818 1067 2879 liberari.
1093 2838 1151 2899 per
1178 2819 1361 2881 dominum

152 2912 309 2963 nostrum.

672 3024 849 3105 Praefatio.

196 3125 244 3186 (l)
271 3137 403 3187 aeterne
429 3127 519 3187 deus.
546 3127 601 3206 qui
630 3126 812 3189 humanum
843 3149 948 3208 genus
975 3128 1017 3189 de
1045 3126 1209 3209 profundo
1237 3130 1360 3192 mortis

150 3212 291 3292 eripiens
308 3214 536 3292 captiuitatem
561 3224 706 3274 nostram
729 3215 797 3275 iesu
823 3215 934 3276 christi
960 3213 1017 3276 filii
1041 3215 1088 3277 tui
1104 3215 1231 3277 domini
1250 3218 1359 3279 nostri

152 3299 304 3378 passione
332 3299 466 3361 soluisti.
514 3299 574 3360 Per
596 3320 694 3379 quern
723 3302 767 3361 ita
792 3301 896 3362 uirtus
924 3302 1049 3381 antiqui
1075 3301 1178 3363 hostis
1194 3302 1276 3364 elisa
1293 3315 1358 3367 est.

152 3396 188 3447 ut
207 3386 275 3446 eius
300 3406 399 3464 quem
426 3387 495 3467 ipse
522 3397 742 3466 superauerat.
760 3388 858 3448 ctiam
889 3388 1022 3449 beatum
1049 3399 1226 3467 martyrem
1254 3410 1356 3452 suum

150 3473 323 3552 agapitum
343 3472 463 3534 laceret
480 3493 551 3534 esse
573 3473 741 3534 uictorem.
788 3474 890 3535 Cuius
908 3474 1112 3555 triumphum
1131 3476 1163 3535 in
1180 3477 1235 3537 die
1252 3497 1354 3557 quem

153 3560 326 3637 isanguine
343 3579 403 3620 suo
419 3562 563 3639 signauit
580 3560 735 3621 colentes
753 3561 785 3621 in
802 3571 859 3622 tua
875 3561 980 3641 gloria
991 3561 1190 3623 exultamus.
1207 3559 1266 3646 [fo.
1284 3580 1355 3643 145.

151 3666 209 3727 per
225 3644 381 3707 christum
399 3648 571 3708 dominum
586 3657 743 3708 nostrum.

598 3767 660 3828 ,ad
670 3766 897 3848 complendum.

196 3869 331 3931 Satiasti
348 3872 482 3932 domine
494 3870 651 3931 familiam
666 3882 757 3932 tuam
772 3870 961 3933 muneribus
972 3872 1080 3933 sacris.
1091 3873 1161 3933 eius
1171 3892 1351 3952 quesumus

150 3977 281 4037 semper
296 3957 536 4019 interuentione
553 3978 613 4019 nos
641 3958 759 4019 refoue.
777 3958 868 4018 cuius
896 3958 1093 4041 sollempnia
1115 3958 1351 4023 caelebramus

152 4064 209 4124 per
225 4044 396 4105 dominum
414 4054 572 4106 nostrum.

217 4228 310 4276 xun.
337 4213 426 4277 Kar.
452 4214 555 4279 Suer.
582 4214 738 4277 Names
763 4214 902 4278 Snxcar
929 4215 1059 4277 linem
1085 4217 1294 4281 lllnrtarrus.

197 4326 327 4388 Adesto
343 4326 477 4388 domine
500 4325 800 4407 supplicationibus
815 4326 944 4387 nostris,
961 4336 994 4388 et
1010 4328 1236 4390 intercedente
1252 4328 1351 4392 beato

153 4433 275 4492 magno
292 4423 436 4493 martyre
452 4424 517 4475 tu0.
533 4412 577 4474 ab
591 4412 737 4475 hostium
754 4433 814 4474 nos
829 4412 971 4476 defende
994 4414 1193 4496 propitiatus
1210 4415 1350 4480 incursu.

152 4519 210 4581 per
227 4500 399 4562 dominum
416 4511 574 4563 nostrum.
