3038 5106
476 344 565 397 mr.
594 346 747 397 DOMINI.
791 348 905 397 amau
928 349 1057 398 PRIMA.

675 556 859 631 Praesatrb.

205 682 257 747 (D
281 691 441 747 aeternae
462 682 555 747 deus.
592 680 681 764 Quia
697 702 757 764 per
772 682 933 745 incarnati
957 682 1048 745 uerbi
1066 686 1261 765 mysterium
1279 707 1367 750 noua

155 770 284 834 mentis
318 780 454 833 nostrae
490 769 594 832 oculis
632 770 690 833 lux
728 779 806 831 tuae
841 770 1000 833 claritatis
1039 770 1172 835 infulsit.
1211 784 1247 836 ut
1285 776 1363 837 dun:

154 858 337 921 uisibiliter
373 857 474 920 deum
504 857 747 939 cognoscimus.
776 877 836 937 per
875 856 963 919 hunc
999 858 1212 922 inuisibilium
1252 882 1364 925 amore

154 946 339 1027 rapiamur.
355 955 391 1008 et
406 945 483 1007 ideo
497 963 574 1006 cum
590 944 725 1024 angelis

620 1102 721 1182 Infra
744 1104 908 1166 acteonem.

200 1228 503 1295 Communicantes
525 1238 560 1291 et
590 1238 722 1291 noctem
753 1230 1010 1291 sacratissimam
1035 1231 1270 1295 caelebrantes.
1294 1254 1362 1315 qua

151 1316 278 1379 beatae
317 1318 443 1379 mariae
488 1316 685 1379 intemerata
735 1316 914 1397 uirginitas.
959 1316 1034 1380 huic
1080 1320 1206 1381 mundo
1257 1321 1363 1384 edidit

151 1404 371 1467 saluatorem.
418 1401 485 1467 Sed
524 1414 558 1465 et
589 1402 783 1465 memoriam
807 1415 1003 1466 uenerantes
1026 1405 1174 1466 eiusdem
1198 1405 1361 1485 gloriosae

151 1510 291 1573 semper
320 1490 459 1571 uirginis
483 1490 607 1552 niariae
636 1490 804 1570 genitricis
834 1491 888 1552 dei
917 1503 952 1553 et
982 1492 1109 1554 domini
1144 1495 1248 1556 nostri
1290 1496 1358 1557 iesu

152 1576 279 1641 christi.
294 1578 356 1640 sed
371 1588 407 1642 et
422 1576 596 1639 beatorum
609 1576 845 1657 apostolorum.

608 1740 641 1803 A
644 1740 671 1803 d
680 1740 862 1821 complenda
866 1761 906 1803 m.

201 1866 256 1931 Da
278 1864 378 1929 nobis
400 1884 581 1948 quesumus
603 1865 738 1928 domine
761 1865 843 1927 deus
866 1876 985 1927 noster.
1009 1876 1046 1928 ut
1068 1867 1124 1947 qui
1149 1869 1358 1931 natiuitatem

156 1953 285 2016 domini
320 1954 425 2015 nostri
468 1953 536 2015 iesu
567 1950 679 2014 christi
711 1971 771 2013 nos
803 1951 1011 2033 frequentare
1040 1955 1226 2033 gaudemus
1249 1957 1359 2037 dignis

155 2040 468 2104 conuersationibus
491 2039 534 2103 ad
557 2040 627 2101 eius
651 2058 835 2101 mereamur
864 2040 1029 2121 pertinere
1059 2044 1271 2105 consortium.
1302 2044 1357 2124 qui

156 2140 277 2191 tecum

347 2327 467 2391 Mane
491 2340 610 2390 uuum
633 2341 684 2389 au
707 2340 883 2391 saucmu
905 2326 1163 2393 Auasrasmn.

198 2464 254 2529 Da
282 2484 467 2547 quesumus
503 2464 716 2546 omnipotens
754 2465 835 2527 deus
872 2473 909 2527 ut
945 2466 1001 2546 qui
1040 2466 1137 2544 beate
1174 2468 1361 2531 anastasiae

155 2554 312 2635 martyris
349 2562 428 2615 tuae
465 2551 664 2635 sollempnia
699 2551 848 2615 colimus.
884 2553 955 2614 eius
986 2554 1074 2634 apud
1106 2565 1139 2617 te
1176 2557 1360 2637 patrocinia

152 2640 429 2723 sentiamusper.

711 2767 803 2831 Aleia.

199 2894 254 2959 Da
268 2912 453 2977 quesumus
468 2892 682 2976 omnipotens
697 2893 779 2956 deus
796 2893 904 2974 utqui
920 2913 1009 2956 noua
1025 2894 1186 2958 incarnati
1204 2898 1294 2959 uerbi
1311 2899 1358 2960 tui

154 2980 228 3045 luce
242 2980 476 3065 perfundimur
490 2980 553 3043 hoc
569 2980 602 3042 in
620 2995 733 3042 nostro
746 2981 955 3063 resplendeat
964 3001 1073 3063 opere.
1089 2984 1178 3064 quod
1190 2984 1358 3065 perfidem

156 3070 261 3151 fulget
276 3068 312 3131 in
328 3075 451 3131 mente
467 3088 527 3151 per
541 3067 693 3131 eundem.

645 3216 753 3299 Super
764 3217 879 3282 oblata.

198 3344 328 3427 Accipe
342 3361 524 3426 quesumus
535 3341 670 3404 domine
687 3342 1011 3424 muneradignanter
1021 3342 1156 3427 [oblata.
1185 3354 1217 3406 et
1234 3344 1290 3428 [fo.
1308 3362 1357 3422 32.

154 3432 273 3495 beatae
314 3430 503 3493 anastasiae
539 3428 798 3509 suffragantibus
830 3430 963 3493 meritis.
994 3430 1037 3493 ad
1069 3443 1201 3495 nostrae
1240 3433 1355 3497 salutis

152 3518 318 3583 auxilium
335 3516 511 3599 prouenire
523 3516 677 3579 concede.
688 3517 930 3599 perdominum
948 3530 1107 3581 nostrum.

689 3677 826 3742 Secreta.

198 3804 341 3870 Munera
372 3814 487 3869 nostra
531 3822 713 3887 quesumus
756 3802 891 3865 domine
944 3804 1129 3867 natiuitatis
1174 3805 1355 3871 hodiernae

154 3894 322 3975 mysteriis
343 3902 425 3976 apta
440 3893 646 3975 proueniant.
670 3902 706 3952 ut
728 3891 814 3952 sicut
836 3890 938 3954 homo
960 3893 1093 3972 genitus
1117 3893 1203 3955 idem
1229 3894 1354 3959 refulsit

153 3981 244 4045 deus.
259 3982 308 4043 sie
330 3979 428 4043 nobis
449 3979 531 4043 haec
555 3990 685 4043 terrena
708 3978 894 4041 substantia
917 3978 1066 4041 conferat
1088 3981 1178 4060 quod
1202 3982 1352 4045 diuinum

152 4078 211 4133 est
223 4086 284 4151 per
297 4068 451 4131 eundern.

664 4202 846 4285 Praefatae.

195 4332 246 4399 (D
268 4340 426 4397 aeternae
448 4332 539 4395 deus.
585 4328 654 4413 Qui
675 4341 711 4395 ut
734 4331 776 4393 de
799 4330 895 4393 hoste
924 4328 1056 4411 generis
1087 4330 1224 4394 humani
1250 4334 1355 4397 maior

152 4420 291 4485 uictoria
312 4420 495 4485 duceretur.
518 4437 586 4481 non
609 4418 717 4481 solum
739 4438 799 4500 per
821 4419 908 4480 uiros
931 4418 1088 4482 uirtutem
1113 4421 1270 4502 martyrii.
1294 4422 1353 4486 sed

151 4508 194 4571 de
208 4528 250 4571 eo
263 4506 368 4571 etiam
383 4526 443 4589 per
457 4504 598 4571 feminas
613 4505 835 4589 triumphasti.
851 4514 886 4569 et
901 4505 984 4569 ideo.

192 4596 390 4673 Jumtees
1198 4608 1221 4657 r.
